2446 4260
454 218 597 262 numos
611 220 674 262 nm.
688 221 746 263 ΧΠ.

144 358 339 438 Nidoremque
352 361 485 420 ambusta
497 363 592 422 dedit:
614 385 698 441 super
710 365 770 442 ipse
784 369 899 426 secutus

144 438 295 498 (laesaricm
306 440 378 500 laeva
390 442 501 500 turbati
513 443 629 521 corripit
643 445 743 516 hostis,

143 517 342 598 Impressoque
354 542 432 599 genu
444 522 539 581 nitens
552 527 638 599 terrae¹
648 525 770 602 applicat
783 526 876 603 ipsum
887 551 893 599 ;

143 598 190 657 Sic
203 600 295 677 rigido
308 600 384 659 latus
398 622 463 660 ense
476 603 551 661 ferit.
592 603 751 662 Podalirius
764 606 869 664 Alsum

143 678 302 751 Pastorem,
315 681 461 758 primaque
474 683 533 741 acie
546 703 596 760 per
608 683 667 742 tela
680 688 820 757 ruentem

141 756 220 817 Ense
234 780 352 837 sequens
366 762 443 820 nudo
456 763 686 839 superimminet:
707 765 755 824 ille
769 765 861 824 securi

141 837 263 897 Adversi
275 840 400 898 frontem
413 842 537 899 mediam
549 847 737 921 mentumque
750 847 871 904 reducta

141 916 265 996 Disjieit,
279 922 309 978 et
323 941 418 997 sparso
431 921 489 979 late
503 921 579 998 rigat
593 942 672 981 arma
685 944 792 983 cruore.

140 995 199 1055 Olli
212 998 282 1057 dura
295 999 374 1076 quies
388 1001 483 1059 oculos
497 1004 527 1058 et
540 1000 645 1060 ferreus
659 1006 745 1080 urget

139 1074 279 1150 Somnus3
299 1079 330 1137 in
343 1083 479 1138 aternam
492 1081 664 1138 clauduntur
676 1082 786 1140 lumina
799 1086 927 1144 noctem.

179 1159 222 1215 At
234 1158 299 1235 pius
311 1159 417 1218 AEneas
430 1160 560 1218 dextram
573 1161 710 1220 tendehat
723 1162 863 1221 inermem

138 1237 260 1296 Nudato
273 1239 374 1315 capite,
388 1244 474 1317 atque
488 1261 553 1298 suos
567 1241 688 1300 clamore
701 1243 839 1300 vocabat:

138 1318 229 1389 “Quo
241 1317 325 1376 ruitis
336 1318 349 1377 Ρ
371 1339 470 1395 quaeve
483 1319 541 1378 ista
553 1340 653 1397 repens
668 1321 807 1379 discordia
820 1321 914 1400 surgit
926 1321 940 1381 t

138 1395 164 1454 0
179 1397 308 1457 cohibete
321 1398 393 1457 iras!
414 1399 507 1458 ictum
515 1400 577 1477 jam
590 1400 692 1472 foedus,
707 1404 737 1459 et
751 1421 849 1460 omnes

138 1474 313 1554 Oompositae
325 1479 402 1555 leges
413 1503 420 1550 ;
439 1479 512 1537 mihi
520 1479 569 1557 jus
583 1500 748 1539 concurrere
763 1481 832 1551 soli;

136 1555 189 1614 Me
203 1556 296 1628 sinite,
310 1561 397 1635 atque
410 1558 519 1618 auferte
533 1562 637 1618 metus.
678 1560 744 1638 Ego
757 1559 864 1618 soedera
876 1560 944 1618 faxo

136 1635 237 1694 Firma
248 1657 352 1708 manu3
372 1638 502 1696 Tmnum
511 1638 573 1716 jam
587 1639 691 1698 debent
704 1640 766 1698 haec
780 1640 852 1698 mihi
865 1641 973 1698 sacra.”

135 1715 200 1775 Has
213 1716 290 1775 inter
302 1737 393 1789 voces,
407 1717 500 1776 media
512 1719 588 1776 inter
600 1719 670 1777 talia
683 1720 776 1791 verba,

134 1795 220 1868 Ecce,
233 1796 295 1855 viro
308 1797 431 1855 stridens
445 1798 496 1856 alis
509 1798 615 1875 allapsa
628 1799 736 1876 sagitta
749 1801 802 1871 est,

134 1875 293 1948 Incertum,
307 1898 362 1954 qua
375 1876 457 1954 pulsa
470 1897 566 1948 manu,
582 1898 638 1954 quo
652 1878 768 1937 turbine
781 1879 899 1950 adacta3

133 1955 206 2028 Quis
218 1958 333 2014 tantam
346 1956 465 2014 Rutulis
477 1956 600 2028 laudem,
616 1978 734 2017 casusne
748 1958 862 2030 deusne,

132 2035 285 2094 Attulerit.
327 2036 429 2095 Pressa
441 2039 486 2094 est
499 2037 619 2114 insignis
635 2038 727 2116 gloria
740 2038 828 2111 sacti3

132 2114 197 2174 Nec
210 2135 270 2174 sese
283 2115 384 2174 AEneae
394 2117 518 2194 jactavit
531 2117 649 2176 vulnere
663 2118 822 2195 quisquam.

172 2194 296 2268 Turnus,
309 2198 345 2254 ut
359 2195 471 2254 AEnean
485 2197 634 2256 cedentem
648 2217 683 2256 er
697 2197 811 2276 agmine
824 2196 899 2256 vidit

133 2273 333 2352 Turbatosque
347 2275 441 2347 duces,
455 2276 552 2335 subita
565 2298 614 2354 spe
628 2277 754 2336 fervidus
769 2277 850 2337 ardet
862 2302 868 2349 ;

132 2352 233 2412 Poscit
246 2375 332 2432 equos
347 2358 434 2431 atque
448 2375 527 2414 arma
539 2356 633 2429 simul,
649 2358 779 2434 saltuque
794 2357 934 2435 superbus

128 2433 255 2502 ¹Emicat
268 2435 299 2492 in
312 2455 435 2506 cunum,
449 2439 479 2493 et
493 2436 624 2494 manibus
638 2438 756 2496 molitur
768 2437 903 2496 habenas.

138 2513 238 2572 Multa
249 2514 344 2572 virum
356 2515 479 2573 volitans
494 2515 544 2573 dat
554 2515 641 2573 fortia
654 2537 771 2594 corpora
783 2518 860 2588 leto;

138 2591 297 2652 Semineces
310 2595 401 2653 volvit
414 2594 529 2665 multos,
544 2598 594 2652 aut
608 2596 723 2672 agmina
736 2617 821 2654 curru

138 2671 275 2745 Proterit,
284 2677 334 2732 aut
348 2677 444 2750 raptas
457 2673 633 2751 fugientibus
646 2674 752 2752 ingerit
765 2675 872 2732 hastas.

138 2752 236 2823 Qualis
250 2754 326 2830 apud
339 2753 524 2830 gelidiquum
537 2753 655 2811 flumina
668 2755 796 2813 concitus
810 2753 904 2812 Hebri

137 2831 315 2910 Sanguineus
329 2833 447 2892 Mavors
460 2833 549 2910 clipeo
562 2833 699 2911 increpat,
713 2837 799 2911 atque
813 2835 942 2892 furentes

136 2911 219 2973 Bella
232 2933 349 2971 movens
363 2913 498 2971 immittit
512 2933 607 2991 equos,
620 2913 663 2972 illi
676 2934 787 2990 aequore
801 2917 900 2991 aperto

136 2991 215 3050 Ante
228 2995 313 3051 notos
327 2993 537 3070 Zephyrumque
550 2993 664 3066 volant3
682 2994 774 3071 gemit
787 2993 890 3052 ultima
902 2992 987 3072 pulsu

137 3071 248 3130 Thraca
261 3072 376 3149 pedum3
390 3073 551 3150 circumque
565 3077 635 3132 atrae
648 3073 822 3132 Formidinis
836 3095 894 3147 ora,

137 3150 256 3228 Iraeque,
270 3151 453 3228 Insidiaeque,
467 3153 513 3211 dei
526 3153 688 3224 comitatus,
703 3156 837 3231 aguntur.

139 3231 216 3289 Talis
227 3252 312 3307 equos
327 3232 416 3290 alacer
430 3233 523 3290 media
535 3232 612 3291 inter
624 3233 725 3310 proelia
738 3234 853 3292 Turnus

138 3309 297 3370 Fumantes
311 3313 412 3370 sudore
426 3312 530 3388 quatit,
544 3312 703 3372 miserabile
714 3314 794 3372 caesis

138 3389 282 3449 Hostibus
295 3390 448 3464 insultans3
463 3392 573 3470 spargit
586 3393 684 3469 rapida
696 3394 806 3470 ungula
814 3412 891 3451 rores

137 3470 321 3548 Sanguineos,
335 3471 481 3549 mixtaque
495 3492 577 3531 eruor
590 3473 715 3531 calcatur
728 3493 820 3532 arena.
1020 3470 1088 3547 [que
1127 3488 1128 3491 ’

137 3548 262 3628 Jamque
274 3551 338 3609 neci
361 3551 585 3629 Sthenelumque
606 3552 693 3624 dedit,
708 3551 939 3630 Thamyrimque,
953 3549 1091 3608 Pholum·

136 3629 228 3688 Hunc
242 3651 408 3709 congressus
422 3635 452 3691 et
465 3631 554 3703 hunc;
566 3631 647 3690 illum
661 3632 782 3704 eminus;
796 3631 906 3690 eminus
920 3630 1003 3689 ambo

136 3708 319 3782 Imbrasidas,
334 3711 476 3769 Glaucum
489 3714 574 3789 atque
588 3711 694 3783 Laden,
709 3731 778 3786 quos
792 3710 938 3769 Imbrasus
950 3709 1011 3787 ipse

137 3789 290 3848 Nutrierat
303 3790 400 3868 Lycia,
414 3791 583 3869 paribusque
597 3795 746 3850 ornaverat
759 3790 854 3862 armis,

135 3867 192 3928 Vel
204 3870 329 3929 conferre
342 3890 469 3943 manum,
482 3871 529 3929 vel
541 3891 613 3949 equo
626 3873 794 3949 praevertere
806 3873 917 3929 ventos,
976 3886 977 3890 ’

136 3947 225 4008 Parte
238 3950 294 4009 alia
305 3949 399 4010 media
411 3950 555 4010 Eumedes
567 3951 599 4009 in
611 3951 712 4029 proelia
724 3951 824 4025 fertur,

583 4033 601 4090 2
624 4047 641 4091 c
769 4043 771 4045 ’
