2446 4260
455 229 597 273 AENEIDO!
610 230 674 272 LIB.
689 230 733 272 11.

126 371 254 430 intendit
267 372 368 443 telum,
382 371 547 449 diversaque
559 372 675 430 branhia
687 372 792 431 ducens

127 451 271 523 lonstitit
284 456 351 510 ante
364 451 386 509 J
387 472 468 510 ovem
483 451 601 530 supplex
614 472 664 529 per
677 456 745 510 vota
756 454 907 529 precatus:

127 531 265 609 ‘Jupiter
277 532 466 609 omnipotens,
480 532 633 590 audacibus
647 551 739 590 annue
753 531 863 609 coeptis.

127 611 257 749 [qsettipi
270 611 306 669 ad
318 616 384 749 tuqe
383 611 492 688 templa
504 612 600 749 selant
607 611 744 748 solqmnia
757 612 840 683 dona,

127 691 143 748 E
176 711 190 748 s
206 711 223 748 a
238 711 305 750 uam
317 712 354 749 an
398 711 459 749 aras
473 712 541 750 aura
556 712 573 748 a
596 711 649 749 ron
664 711 679 748 e
694 690 844 750 'uveneum

128 769 307 843 tendentem,
320 771 480 849 pariterque
494 773 580 848 eaput
594 790 660 828 oum
673 712 765 828 niatre
778 771 925 843 serentem,

128 849 191 908 lam
205 871 294 909 oornu
305 854 387 928 petat
401 855 430 909 et
444 851 563 929 pedibus
577 850 627 926 qui
642 852 759 927 spargat
772 852 917 910 arenam.’'

129 929 224 987 ludiit
235 932 264 988 et
278 931 341 989 ooeli
354 931 476 989 Genitor
489 931 524 989 de
536 934 618 1007 parte
631 950 730 988 serena

130 1009 257 1068 'ntonuit
270 1010 389 1069 laevum:
412 1013 495 1069 sonat
509 1030 567 1068 una
579 1009 675 1068 fatifer
689 1030 777 1068 areus.

131 1089 236 1166 Effugit
249 1090 421 1149 horrendum
435 1090 558 1149 stridens
572 1089 696 1147 adducta
709 1090 832 1167 sagitta3

132 1169 233 1246 ‚³erque
246 1172 331 1248 eaput
345 1169 461 1229 Remuli
473 1169 562 1241 venit,
576 1172 605 1228 et
620 1189 688 1227 cava
701 1174 830 1247 tempora
842 1169 916 1229 serro

133 1248 249 1326 lrajieit.
290 1254 306 1280 “
315 1250 341 1321 Ι,
354 1250 447 1308 verbis
460 1250 600 1308 virtutem
613 1249 700 1307 illude
714 1249 850 1325 superbis.

133 1329 173 1386 3is
187 1329 265 1405 eapti
278 1329 408 1407 Phryges
418 1330 481 1388 haeo
494 1329 613 1387 Rutulis
626 1349 760 1406 responsa
772 1329 956 1388 remittrmt.”

134 1408 188 1466 loo
201 1410 317 1466 tantum
326 1410 475 1468 Asconius,
516 1409 618 1467 Teucri
631 1408 752 1466 elamore
765 1412 931 1484 sequuntur,

135 1488 293 1564 iaetitiaque
302 1488 437 1561 fremunt,
451 1489 615 1565 animosque
628 1489 665 1546 ad
678 1488 769 1546 sidera
781 1488 898 1547 tollunt.

136 1568 253 1626 lltheria
266 1572 331 1626 tum
343 1568 418 1627 forte
431 1569 516 1647 plaga
528 1569 648 1627 crinitus
661 1567 766 1644 Apollo

137 1648 251 1725 )esuper
262 1649 403 1707 Ausonias
416 1649 489 1707 acies
502 1649 656 1723 urbemque
669 1648 793 1718 videbat,

137 1727 208 1785 lube
222 1728 329 1800 sedens,
343 1731 428 1806 atque
441 1729 486 1787 his
500 1729 638 1787 victorem
651 1729 755 1786 affatur
765 1727 878 1786 Iulum:

146 1807 246 1865 Macte
259 1828 334 1866 nora
345 1809 462 1879 virtute,
475 1829 562 1886 puer3
583 1808 623 1866 sio
636 1808 696 1865 itur
709 1807 745 1865 ad
758 1810 843 1878 astra,

139 1886 175 1944 lis
190 1887 296 1963 genite,
310 1891 339 1946 et
352 1888 484 1965 geniture
497 1889 573 1946 deos.
614 1887 636 1945 J
637 1908 687 1946 ure
701 1887 796 1946 omnia
808 1887 883 1946 bella

139 1965 216 2025 ‘rente
230 1968 283 2026 sub
295 1968 427 2026 Assaraei
439 1969 499 2026 sato
513 1971 634 2026 ventura
643 1967 786 2027 resident:

140 2045 184 2104 leo
197 2050 228 2104 te
242 2047 328 2125 Troja
340 2048 445 2125 oapit.”
488 2047 580 2106 Simul
592 2049 653 2106 haeo
667 2049 769 2106 effatus
782 2048 817 2105 ab
831 2047 890 2106 alto

140 2125 240 2184 llthere
254 2146 283 2185 se
296 2127 399 2199 mittit,
413 2127 552 2205 spirantes
566 2128 692 2186 dimovet
706 2147 796 2199 auras,

141 2207 331 2285 soaniumque
343 2207 426 2284 petit.
467 2207 605 2266 Formam
617 2210 682 2265 tum
695 2208 820 2265 vertitur
833 2207 889 2266 oris

141 2286 282 2363 ntiquum
294 2287 325 2344 in
338 2287 445 2346 Buten.
487 2288 547 2346 Hie
560 2287 706 2346 Dardanio
719 2287 855 2346 Anchisa>

142 2366 255 2443 rmiger
268 2372 334 2425 ante
348 2368 412 2438 fuit,
425 2368 555 2445 fidusque
569 2368 605 2425 ad
618 2368 718 2425 limina
731 2371 845 2439 eustos3

142 2445 196 2502 'um
211 2447 345 2504 comitem
358 2448 481 2506 Ascanio
495 2451 576 2525 pater
589 2447 708 2505 addidit.
750 2447 818 2505 Ibat
831 2448 935 2524 Apollo
955 2466 957 2470 ·

143 2525 226 2583 'mnia
238 2525 370 2604 longaevo
384 2527 493 2597 similis,
507 2546 661 2603 vocemque
676 2526 862 2603 coloremque,

143 2605 161 2662 lt
175 2606 265 2664 crines
280 2606 358 2664 albos
372 2612 401 2664 et
415 2628 492 2665 saeva
506 2606 654 2664 sonoribus
668 2625 763 2677 arma3

144 2688 217 2761 ‚tque
230 2685 275 2743 his
289 2685 436 2745 ardentem
449 2687 532 2744 dictis
547 2687 651 2744 affatur
665 2685 779 2743 Iulum:

145 2764 191 2822 Sit
201 2765 279 2836 satis,
293 2765 430 2838 AEneada,
443 2766 508 2824 telis
522 2766 638 2842 impune
651 2765 820 2823 Numanum

145 2845 279 2921 ppetiisse
292 2844 350 2903 tuis
361 2871 367 2917 ;
387 2847 508 2923 primam
521 2846 595 2904 hano
608 2845 663 2903 tibi
675 2865 797 2922 magnus
811 2844 914 2921 Apollo

144 2924 258 2982 oncedit
271 2924 392 2996 laudem,
407 2928 436 2983 et
449 2926 564 3002 paribus
578 2946 636 2983 non
648 2925 759 2983 invidet
772 2925 857 2983 armis
868 2950 874 2996 3

145 3006 223 3061 etera
236 3024 327 3081 parce,
340 3025 418 3081 puer,
431 3005 534 3064 bell0.”
579 3006 625 3064 Sio
639 3025 718 3064 orsus
732 3005 836 3081 Apollo

146 3081 260 3140 [ortales
273 3084 366 3142 medio
380 3089 510 3162 aspectus
524 3105 652 3143 sermone
665 3085 788 3161 reliquit,

146 3164 161 3219 t
174 3163 274 3239 proeul
287 3163 318 3220 in
330 3166 448 3222 tenuem
461 3185 496 3222 ex
509 3165 597 3224 oeulis
610 3165 725 3222 evanuit
739 3184 845 3222 auram.

147 3243 910 3401 {ildiriibdaeieplinarldtieibddirelliigamiddsleibasonantem.

147 3421 198 3479 rgo
212 3403 329 3460 avidum
341 3424 454 3481 pugnae,
469 3404 552 3462 dietis
566 3425 598 3462 ae
611 3404 728 3462 numine
742 3403 855 3475 Phoebi,

147 3482 275 3539 scanium
288 3484 457 3560 prohibent;
476 3484 532 3560 ipsi
544 3484 575 3541 in
589 3484 744 3542 certamina
756 3504 853 3541 rursus

148 3562 291 3633 recedunt,
305 3563 468 3640 animasque
481 3564 512 3621 in
526 3567 624 3640 aperta
636 3564 762 3641 pericula
774 3564 907 3622 mittunt.

149 3662 151 3693 ;
165 3641 271 3699 elamor
283 3643 356 3701 totis
368 3664 418 3721 per
431 3644 644 3721 propugnacula
656 3644 762 3702 muris:

149 3723 282 3779 itendunt
296 3743 372 3781 aeres
386 3745 475 3796 arcus,
489 3727 659 3800 amentaque
671 3725 816 3798 torquent.

150 3801 265 3859 aernitur
278 3823 362 3861 omne
376 3804 468 3862 solum
481 3804 560 3876 telis3
579 3807 646 3862 tum
659 3805 740 3862 senta
753 3820 886 3877 oavaeque

150 3885 201 3939 ant
215 3882 343 3941 sonitum
355 3883 437 3942 flictu
449 3884 555 3961 galeae3
576 3903 674 3962 pugna
686 3901 785 3961 aspera
796 3881 912 3960 surgit:

146 3963 247 4018 uentus
258 3963 295 4020 ab
308 3983 409 4022 oreasu
423 3963 540 4026 veniens
553 3965 733 4046 pluvialibus
744 3963 857 4027 Heus
