2446 4260
430 219 595 262 sueonos.
635 219 702 262 BOL.
717 220 768 262 111.

115 361 251 419 Munera
264 362 340 430 sunt,
352 360 432 431 lauri,
447 364 477 420 et
490 382 575 420 suave
589 362 692 421 rubens
706 362 889 440 hyacinthus.

164 441 253 498 ΒΑΜ.
275 440 355 500 Malo
368 461 415 500 me
428 441 549 500 Galatea
561 443 645 519 petit,
658 443 762 501 lasciva
774 443 876 519 puella,

120 522 170 578 Et
183 520 260 598 fugit
273 521 310 579 ad
323 521 429 592 salices,
443 525 473 579 et
487 543 517 580 se
531 523 611 599 cupit
625 527 692 581 ante
705 522 803 580 videri.

166 601 263 658 Mum
274 601 316 658 At
329 601 402 659 mihi
415 622 475 661 sese
488 602 572 660 offert
585 602 662 660 ultm
675 623 756 661 meus
769 601 853 679 ignis,
867 603 1021 681 Amyntas,

122 681 235 741 Notior
247 684 281 739 ut
290 681 351 758 jam
365 681 404 739 sit
418 682 533 740 canibus
546 702 605 740 non
618 682 703 740 Delia
715 682 829 740 nostris.

169 760 256 818 ΒΑΜ.
277 761 366 819 Parta
378 781 449 820 mea
464 761 568 821 Veneri
582 765 650 820 sunt
664 783 798 834 munera;
818 781 940 839 namque
953 763 1052 822 notavi

124 841 196 918 Ipse
209 839 311 912 locum,
325 841 409 899 adriae
423 862 479 917 quo
492 861 656 919 congessere
668 842 823 918 palumbes.

169 920 255 978 ΜΕΝ.
276 920 360 992 Quod
372 922 462 998 potui,
476 941 564 997 puero
577 921 700 979 silvestri
715 942 749 980 er
762 922 861 980 arbore
873 922 948 980 lecta

126 1001 226 1058 Aurea
238 1001 313 1058 mala
325 1000 421 1059 decem
435 1001 517 1073 misi;
538 1022 598 1059 cras
612 1001 702 1059 altera
714 1002 840 1059 mittam.

169 1080 256 1138 ΒΑΜ.
277 1080 303 1137 0
317 1081 437 1157 quoties,
451 1086 481 1139 et
496 1100 559 1156 quae
572 1081 654 1139 nobis
668 1081 789 1139 Galatea
801 1081 897 1139 locuta
910 1081 970 1141 est!

129 1160 249 1218 Partem
262 1160 395 1236 aliquam,
407 1160 496 1232 venti,
512 1161 611 1218 divum
622 1160 751 1219 referatis
765 1162 801 1218 ad
814 1161 910 1219 aures!

170 1239 257 1298 Mun.
278 1239 354 1312 Quid
376 1241 500 1316 prodest,
522 1241 598 1318 quod
619 1261 665 1299 me
688 1241 748 1318 ipso
768 1240 862 1299 animo
882 1261 941 1299 non
960 1240 1076 1318 spernis,

326 1319 465 1396 Amynta,

130 1399 171 1471 Si,
184 1399 254 1456 dum
267 1401 302 1456 tu
315 1401 431 1458 sectaris
444 1420 535 1476 apros,
550 1420 603 1478 ego
617 1399 690 1458 retia
702 1400 807 1459 servo?

132 1527 137 1535 .
171 1479 258 1536 ΒΑΜ.
278 1478 413 1556 Phyllida
426 1479 511 1538 mitte
525 1480 605 1551 mihi,
619 1499 699 1538 meus
713 1483 757 1538 est
771 1479 882 1552 natalis,
897 1479 986 1538 Iolla:

132 1559 230 1632 Quum
242 1558 344 1616 faciam
356 1559 449 1617 vitula
461 1579 513 1636 pro
526 1559 665 1637 frugibus,
678 1560 738 1637 ipss
751 1560 857 1618 venito.

170 1639 254 1696 Man.
275 1637 410 1716 Phyllida
422 1660 487 1698 amo
501 1643 568 1699 ante
582 1640 666 1711 alius3
686 1660 754 1698 nam
767 1660 813 1698 me
827 1638 1067 1708 discederemus,

132 1719 185 1790 Et,
199 1717 359 1795 “Longum
372 1719 494 1778 formose
506 1719 578 1790 vale,
591 1719 683 1791 vale,”
698 1720 802 1797 inquit,
816 1719 897 1777 Iolla.

171 1798 258 1856 ΒΑΜ.
279 1797 375 1857 Triste
387 1799 471 1875 lupus
485 1799 613 1870 stabulis,
627 1799 748 1857 maturis
761 1799 890 1877 frugibus
904 1798 1017 1869 imbres,

134 1878 293 1937 Arboribus
304 1878 393 1950 venti,
406 1878 489 1938 nobis
502 1878 687 1957 Amaryllidis
701 1879 759 1937 irae¹

172 1958 258 2015 Mna.
279 1957 371 2016 Dulce
385 1959 453 2016 satis
467 1960 579 2028 humor,
592 1959 716 2036 depulsis
729 1959 847 2017 arbutus
860 1957 959 2030 haedis,

133 2038 229 2096 Lenta
241 2038 311 2095 salix
323 2037 498 2115 feto'pecori,
513 2039 585 2097 mihi
598 2040 675 2097 solus
688 2039 842 2116 Amyntas.

173 2117 260 2175 ΒΑΜ.
281 2117 373 2176 Pollio
383 2122 461 2176 amat
471 2122 609 2190 nostram,
622 2121 751 2196 quamvis
764 2123 810 2177 est
819 2117 935 2189 rustica,
945 2117 1061 2175 Musam
1072 2142 1079 2187 3

133 2198 269 2269 Pierides,
283 2197 404 2256 vitulam
418 2198 518 2257 lectori
531 2199 639 2276 pascite
652 2202 756 2257 vestro.

176 2278 263 2336 Mun.
284 2277 377 2336 Pollio
391 2281 421 2337 et
434 2278 495 2355 ipse
508 2279 577 2337 facit
590 2299 665 2337 nova
678 2278 814 2336 carmina:
836 2277 944 2355 pascite
956 2279 1081 2346 taurum,

134 2359 157 2416 J
157 2377 205 2416 am
219 2377 306 2416 cornu
319 2361 401 2434 petat
414 2361 444 2416 et
457 2359 575 2434 pedibus
589 2359 639 2436 qui
653 2361 769 2436 spargat
783 2377 907 2416 arenam.

174 2436 261 2495 ΒΑΜ.
283 2436 339 2509 Qui
351 2440 391 2508 te,
401 2437 503 2509 Pollio,
512 2442 599 2510 amat,
609 2438 714 2509 veniat,
728 2458 785 2515 quo
795 2440 825 2495 te
836 2456 946 2513 quoque
956 2436 1062 2513 gaudet
1073 2460 1080 2506 3

133 2516 226 2576 Mella
237 2517 328 2575 fluant
340 2516 391 2587 illi,
405 2517 478 2576 ferat
491 2522 521 2577 et
534 2518 622 2576 rubus
636 2538 717 2596 asper
729 2537 882 2575 amomum.

176 2597 262 2654 Mun.
284 2597 341 2669 Qui
353 2596 477 2655 Bavium
490 2619 547 2656 non
562 2598 632 2670 odit,
646 2602 723 2656 amet
736 2600 788 2655 tua
801 2596 934 2669 carmina,
948 2595 1054 2667 Maevi3

135 2678 235 2753 Atque
247 2677 323 2734 idem
331 2677 437 2754 jungat
450 2677 549 2755 vulpes
563 2681 592 2736 et
607 2678 735 2755 mulgeat
748 2677 850 2735 hircos.

177 2756 264 2814 ΒΑΜ.
285 2756 341 2829 Qui
354 2755 451 2834 legitis
461 2758 542 2816 flores
556 2761 587 2815 et
599 2758 682 2816 humi
695 2756 841 2814 nascentia
852 2756 941 2832 fraga,

135 2835 282 2914 Frigidus,
296 2857 313 2894 o
326 2836 416 2913 pueri,
429 2837 522 2915 fugite
534 2837 610 2908 hinc,
624 2837 696 2895 latet
710 2837 811 2913 anguis
824 2836 855 2892 in
868 2834 964 2894 herba.

178 2916 265 2974 Mar.
285 2915 407 2987 Parcite,
421 2936 496 2988 oves,
509 2915 630 2975 nimium
643 2917 808 2993 procedere3
829 2936 887 2973 non
899 2916 971 2974 bene
984 2913 1053 2990 ripa

135 2995 288 3068 Creditnn
307 2996 367 3072 ipse
381 2997 452 3054 aries
466 2999 553 3055 etiam
565 3016 642 3055 nunc
655 2996 760 3055 vellera
772 2996 868 3054 siccat.

177 3075 266 3134 ΒΑΜ.
286 3075 396 3148 Tityre,
409 3081 556 3152 pascentes
570 3097 588 3134 a
600 3077 716 3134 flumine
729 3075 802 3134 reice
815 3075 953 3152 capellas:

135 3157 215 3234 Ipse,
228 3155 279 3213 ubi
291 3157 405 3231 tempus
419 3156 482 3228 erit,
496 3176 593 3215 omnes
606 3156 637 3214 in
650 3156 730 3214 fonte
743 3155 852 3213 lavabo.

177 3236 262 3294 ΜΕΝ.
283 3234 386 3312 Cogite
399 3256 474 3307 oves,
487 3237 584 3313 pueri;
605 3236 629 3293 si
641 3236 684 3293 lac
697 3234 863 3312 praeceperit
876 3235 972 3305 aestus,

134 3315 185 3374 Ut
198 3335 297 3392 nuper,
310 3314 418 3373 frustra
431 3316 620 3392 pressabimus
635 3316 722 3373 ubera
734 3314 844 3391 palmis.

178 3395 266 3454 ΒΑΜ.
286 3395 364 3465 Heu,
377 3395 443 3468 heu,
457 3416 544 3473 quam
556 3395 657 3473 pingui
676 3414 770 3452 macer
790 3397 834 3452 est
850 3392 922 3451 mihi
934 3394 1034 3449 taurus
1054 3389 1085 3447 in

336 3476 418 3534 ervo!

135 3555 224 3614 Idem
236 3573 315 3613 amor
328 3555 449 3613 exitium
461 3554 556 3632 pecori
569 3554 733 3632 pecorisque
747 3553 895 3630 magistro

179 3634 267 3694 Mis.
295 3633 353 3692 His
380 3640 456 3693 certe
482 3653 574 3713 neque
600 3654 680 3692 amor
706 3654 791 3693 causa
813 3636 874 3704 est;
901 3629 950 3688 vix
976 3626 1087 3687 ossibus

376 3714 504 3788 haerent3

137 3793 249 3854 Nescio
262 3793 324 3870 quis
337 3796 451 3853 teneros
463 3794 562 3854 oculus
574 3792 648 3852 mihi
660 3792 781 3852 fascinat
795 3810 891 3869 agnos.

181 3874 269 3933 ΒΑΜ.
289 3873 354 3946 Dic,
368 3875 470 3952 quibus
484 3875 621 3943 interris,
635 3876 664 3932 et
678 3873 732 3930 eris
746 3871 818 3928 mihi
831 3889 953 3949 magnus
967 3868 1080 3948 Apollo,

137 3955 216 4015 Tres
227 3955 325 4032 pateat
338 3954 402 4014 ooeli
415 3955 541 4035 spatium
553 3974 613 4013 non
626 3952 747 4030 amplius
760 3950 851 4009 ulnas.
