2446 4260
139 214 200 276 366
436 227 464 269 1³.
477 221 619 267 rmemn
638 218 781 267 mamers

141 378 158 406 “
167 372 261 442 Alma,
275 370 330 429 tibi
342 369 426 441 hanc,
439 386 588 427 nemorum
601 365 715 437 cultrix,
728 365 854 426 Latonia
865 367 957 447 virgo,

141 453 209 529 Ipse
222 454 304 529 pater
316 448 453 508 famulam
465 468 572 520 voveo:
590 449 643 505 tua
654 446 747 524 prima
759 466 810 524 per
823 466 905 507 auras

142 532 213 590 Tela
224 535 325 589 tenens
339 529 456 606 supplex
468 527 583 586 hostem
594 526 680 605 fugit.
721 526 835 605 Accipe,
848 530 950 600 testor,

142 611 221 669 Diva
232 613 323 680 biam,
337 628 399 686 quae
412 627 488 666 nunc
501 606 594 665 dubiis
608 605 801 665 committitur
814 608 920 666 auris.”

143 690 237 760 Dixit,
251 692 281 747 et
295 688 418 746 adducto
431 690 597 746 contortum
609 685 713 744 hastile
725 686 831 746 lacerto

143 768 302 827 Immittit:
323 786 441 826 sonuere
453 766 557 836 undoe3
576 766 707 842 rapidum
721 785 805 844 super
817 786 933 826 amnem

144 848 250 907 Inlelix
262 846 339 924 fugit
351 847 382 905 in
390 847 485 924 jaculo
499 846 638 904 stridente
652 843 779 905 Camilla.

143 929 186 987 At
200 927 344 998 Metabus,
357 945 462 1003 magna
474 925 589 1003 propius
598 925 660 1002 jam
673 929 795 1004 ingente
807 929 929 996 caterva,

146 1007 207 1065 Dat
221 1026 280 1064 sese
293 1005 388 1077 fluvio,
402 1009 488 1142 atqqe
501 1005 616 1063 hastam
629 1025 695 1064 cum
707 1005 818 1084 virgine
830 1007 925 1066 victor

145 1085 298 1144 Gramineo
312 1085 419 1143 donum
473 1083 537 1143 ivise
550 1084 585 1142 de
599 1085 705 1162 cespite
718 1085 808 1144 vellit.

144 1165 215 1224 Non
228 1164 309 1222 illum
321 1165 407 1224 tectis
419 1165 496 1236 ullae,
509 1184 568 1223 non
581 1165 722 1223 moenibus
734 1166 819 1224 urbes

145 1245 295 1322 Accepere,
308 1264 399 1322 neque
411 1244 473 1322 ipse
484 1263 586 1302 manus
599 1243 713 1303 feritate
727 1244 867 1318 dedisset;

146 1324 300 1383 Pastorum
313 1327 343 1383 et
357 1324 423 1382 solis
437 1324 533 1401 exegit
545 1324 692 1382 montibus
707 1344 810 1383 sevum.

145 1404 206 1462 Hic
219 1409 318 1461 natam
330 1403 362 1461 in
375 1403 468 1461 dumis
481 1403 613 1480 interque
625 1404 772 1462 horrentia
783 1405 875 1463 lustra

145 1483 320 1542 Armentalis
334 1503 412 1561 equae
424 1483 557 1542 mammis
571 1484 601 1541 et
612 1483 688 1542 lacte
700 1483 791 1544 ferino

146 1563 297 1635 Nutribat,
310 1563 415 1621 teneris
428 1562 599 1640 immulgens
612 1563 700 1621 ubera
711 1563 807 1622 labris.

146 1642 245 1720 thue
258 1643 363 1721 pedum
375 1642 473 1720 primis
485 1642 579 1700 infans
591 1642 713 1720 vestigia
724 1643 831 1720 plantis

145 1722 308 1795 Institerat,
317 1722 412 1800 jaculo
425 1721 533 1800 palmas
547 1722 676 1780 oneravit
690 1727 783 1796 acuto,

146 1801 314 1880 Spicsdaque
327 1822 361 1861 ex
373 1802 493 1861 humem
505 1820 599 1879 parva
612 1803 759 1879 suspendit
773 1805 803 1862 et
816 1823 922 1863 arcum.

147 1882 205 1941 Pro
219 1881 316 1941 crinali
329 1901 406 1956 auro,
420 1881 578 1959 prolongas
591 1882 718 1959 tegmine
731 1883 820 1960 pallae,

146 1961 271 2040 Tigridis
285 1960 394 2020 exuvie
408 1981 459 2040 per
472 1962 587 2020 dorsum
601 1982 618 2019 a
630 1962 736 2021 vertice
748 1962 884 2040 pendent.

146 2042 216 2100 Tela
228 2061 316 2100 manu
324 2041 386 2120 jam
399 2045 465 2100 tum
477 2044 576 2100 tenera
588 2040 707 2117 puerilia
719 2043 815 2116 torsit,

146 2121 189 2179 Et
202 2121 320 2179 fundam
332 2121 419 2179 tereti
432 2121 539 2179 circum
552 2123 638 2197 caput
651 2121 712 2199 egit
725 2122 843 2195 habena,

146 2201 397 2278 Strymoniamque
410 2219 519 2277 gruem,
533 2203 584 2258 aut
598 2201 695 2259 album
708 2202 810 2280 dejecit
823 2203 938 2263 olorem.

146 2281 253 2338 Multae
266 2279 345 2338 illam
358 2279 465 2337 frustra
477 2279 626 2357 Tyrrhena
639 2301 689 2358 per
702 2282 805 2359 oppida
816 2287 923 2342 matres

146 2360 287 2437 Optavere
300 2378 420 2417 nurum:
442 2359 501 2416 sola
514 2362 650 2418 contenta
662 2361 764 2434 Diana,

146 2439 299 2498 AEtemum
312 2438 435 2496 telorum
447 2442 477 2496 et
491 2439 666 2516 virginitatis
680 2461 805 2499 amorem

146 2518 323 2576 Intemerata
336 2518 413 2576 colit.
454 2518 591 2577 “Vellem
604 2520 682 2578 haud
695 2524 825 2598 correpta
836 2522 938 2581 firisset

146 2599 256 2658 Militia
268 2598 329 2670 tali,
344 2600 446 2656 conata
457 2598 592 2658 lacessere
606 2600 746 2672 Teucros3

146 2679 219 2736 Cara
232 2678 304 2736 mihi
317 2678 510 2755 comitumque
523 2679 597 2737 foret
610 2700 685 2738 nunc
699 2700 756 2738 una
769 2700 905 2739 mearum.

145 2754 253 2818 Verum
266 2778 328 2836 age,
341 2758 570 2836 quandoquidem
583 2759 650 2817 fatis
664 2770 781 2837 urgetur
794 2761 909 2833 acerbis,

145 2837 261 2911 Lubere,
275 2839 423 2915 Nympha,
438 2838 512 2915 pole,
525 2839 651 2914 finesque
663 2839 754 2898 invise
767 2840 896 2912 latinos,

145 2918 248 2976 Tristis
262 2918 311 2976 ubi
323 2918 448 2975 infausto
461 2918 653 2976 committitur
666 2919 759 2978 omine
772 2941 877 2997 pugna.

144 2997 219 3057 Haec
233 3017 309 3073 cape,
322 3000 352 3056 et
365 2996 497 3056 ultricem
509 2998 643 3074 pharetra
656 2999 789 3077 deprome
801 3001 956 3078 sagittam:

144 3077 219 3149 Hac,
233 3078 402 3154 quicumque
416 3097 526 3135 sacrum
539 3077 653 3136 violarit
666 3080 781 3137 vulnere
795 3100 905 3157 corpus,

144 3157 216 3215 'Iros
230 3156 367 3229 Italusue,
380 3156 453 3214 mihi
465 3158 571 3234 pariter
585 3157 634 3216 det
648 3159 785 3237 sanguine
799 3180 905 3236 prunas,

144 3236 216 3294 Post
230 3257 283 3314 ego
296 3236 372 3294 nube
385 3255 454 3294 cava
466 3237 632 3296 miserandas
646 3259 746 3316 corpus
761 3242 791 3297 et
804 3259 883 3298 arma

143 3315 302 3394 Inspoliata
314 3317 403 3374 feram
415 3317 537 3388 tumulo,
550 3317 704 3396 patriaque
717 3321 882 3396 reponam.'’

143 3396 243 3455 Dixit:
265 3400 296 3454 at
309 3396 358 3453 illa
370 3395 444 3454 leves
459 3396 522 3454 coeli
535 3397 649 3474 delapsa
661 3419 712 3475 per
724 3419 806 3457 auras

142 3476 288 3549 Insonuit,
301 3476 384 3554 nigro
398 3476 573 3534 circumdata
586 3478 700 3537 turbine
714 3498 823 3556 corpus.

182 3558 224 3614 At
238 3576 338 3614 manus
352 3557 460 3615 interea
473 3556 561 3614 muris
575 3557 698 3636 Trojana
710 3560 891 3637 propinquat,

142 3635 314 3712 Etruscique
328 3636 420 3707 duces,
434 3635 618 3718 equitumque
631 3639 770 3697 exercitus
784 3638 885 3710 omnis,

142 3715 302 3792 compositi
314 3736 432 3775 numero
444 3717 475 3774 in
488 3719 607 3774 turmas.
648 3718 759 3777 Fremit
773 3738 885 3796 aequore
897 3722 964 3779 toto

141 3795 290 3854 Insultans
304 3796 424 3873 scripse,
438 3801 468 3854 et
480 3797 584 3874 pressis
597 3801 708 3875 pugnat
721 3798 840 3856 habenis

136 3876 208 3940 Huc
223 3878 361 3940 obversus
376 3879 407 3937 et
417 3877 497 3950 huc:
513 3881 583 3936 tum
588 3877 653 3935 late
663 3878 873 3934 lemenshsst‘xs

129 3961 251 4025 Horret
265 3982 348 4045 ager,
361 3960 520 4041 campique
532 3957 624 4018 armis
635 3954 810 4014 sublimibus
820 3953 934 4008 ardent.
