2446 4260
457 132 635 175 GEORGIOON
648 134 710 175 LIB.
725 133 761 174 II.

156 268 316 332 Sollicitando
327 277 427 333 tamen
439 275 534 346 tellus,
546 275 694 352 pulvisque
706 275 862 334 movendus
873 301 879 348 ;

152 349 182 410 n
188 353 244 430 jam
256 354 378 412 maturis
391 356 560 413 metuendus
574 355 691 432 Jupiter
705 355 775 414 uvis.

180 432 281 491 Contra
293 454 354 493 non
366 434 425 492 ulla
434 437 478 493 est
492 434 560 493 oleis
573 434 692 507 cultura,
702 456 793 513 neque
806 434 862 493 illae

144 510 306 571 Procurvam
319 517 484 592 exspectant
496 514 597 574 falcem
610 517 771 593 rastrosque
783 519 906 586 tenaces,

141 592 228 664 Quum
241 594 328 651 semel
343 593 487 653 haeserunt
501 595 574 653 arvis
587 615 723 672 aurasque
738 595 877 653 tulerunt.

138 671 201 748 lpsa
213 673 283 730 satis
295 673 390 746 telluS,
404 695 494 752 quum
506 675 591 734 dente
604 674 759 734 recluditur
771 695 853 746 unco,

136 750 243 811 Sufficit
255 753 414 826 humorem,
428 757 458 812 et
471 754 610 832 gravidas,
624 775 689 813 cum
701 775 822 827 vomere,
835 756 939 834 fruges.

135 831 198 890 Hoc
210 832 348 911 pinguem
361 836 391 892 et
404 833 539 911 placitam
552 834 621 893 Paci
633 835 759 894 nutritor
772 835 885 893 olivam.

172 911 263 971 Poma
276 933 395 991 quoque,
408 917 444 972 ut
456 913 581 991 primum
592 917 709 973 truncos
723 934 832 973 sensere
841 915 967 974 valentes

133 991 175 1049 Et
187 992 261 1050 vires
273 993 397 1052 habuere
410 1013 484 1066 suas,
497 995 534 1052 ad
546 994 638 1052 sidera
649 993 755 1071 raptim

133 1070 170 1128 Vi
182 1072 297 1149 propria
306 1072 450 1145 nituntur,
464 1073 579 1150 opisque
591 1073 669 1131 haud
681 1074 780 1151 indiga
792 1076 905 1131 nostrae.

133 1150 164 1207 N
164 1171 194 1208 ec
206 1152 303 1209 minus
315 1151 424 1211 interea
436 1153 498 1211 fetu
510 1173 611 1212 nemus
624 1173 708 1212 omne
720 1152 869 1230 gravescit,

134 1229 355 1309 Sanguineisque
367 1232 478 1290 inculta
489 1233 594 1291 rubent
607 1232 712 1290 aviaria
722 1232 833 1304 baccis;

134 1307 302 1369 Tondentur
315 1311 408 1389 cytisi,
421 1312 510 1371 taedas
524 1312 595 1370 silva
608 1311 667 1370 alta
683 1311 838 1382 ministrat,

134 1388 348 1468 Pascunturque
360 1391 441 1470 ignes
454 1391 587 1451 nocturni
600 1394 630 1450 et
642 1392 751 1449 lumina
763 1391 886 1448 fundunt
898 1415 905 1449 ε

134 1468 172 1526 Et
185 1470 322 1528 dubitant
334 1471 464 1531 homines
477 1491 566 1530 serere
579 1474 665 1548 atque
677 1471 837 1549 impendere
851 1467 970 1529 curam?

136 1547 206 1619 Quid
219 1551 329 1629 majora
341 1551 464 1629 sequar?
485 1552 582 1610 salices
595 1551 772 1629 humilesque
785 1555 917 1628 genestae,

136 1629 192 1687 lut
205 1629 262 1687 illa
277 1630 373 1707 pecori
386 1631 515 1690 frondem
528 1633 579 1689 aut
592 1631 753 1708 pastoribus
766 1631 880 1688 umbras

138 1707 292 1781 Sufficiunt,
306 1730 455 1787 sepemque
469 1711 546 1783 satis,
560 1713 590 1770 et
602 1710 706 1787 pabula
718 1709 803 1768 melli.

138 1787 171 1846 Et
180 1790 267 1867 juvat
280 1790 438 1848 undantem
450 1791 525 1849 buxo
539 1793 666 1868 spectare
679 1790 828 1868 Cytorum,

137 1867 320 1946 Naryciaeque
332 1868 402 1946 picis
415 1870 494 1929 lucos
505 1894 511 1942 ;
528 1870 612 1949 juvat
626 1890 693 1928 arva
704 1869 799 1929 videre

138 1946 200 2006 Non
212 1949 323 2021 rastris,
336 1949 487 2008 hominum
498 1970 557 2008 non
570 1949 622 2007 ulli
634 1949 756 2008 obnoxia
768 1969 850 2008 curae.

138 2025 204 2103 lpsae
219 2027 357 2087 Caucasio
370 2029 480 2088 steriles
492 2031 523 2088 in
536 2029 642 2089 vertice
656 2029 742 2101 silvae,

139 2105 207 2178 Quas
221 2107 343 2167 animosi
355 2109 416 2167 euri
433 2109 543 2168 assidue
554 2110 747 2187 frangimtque
759 2108 918 2184 feruntque,

138 2185 212 2246 Dant
226 2188 296 2246 alios
310 2189 370 2246 alie
383 2189 475 2248 setus:
496 2191 567 2248 dant
580 2190 651 2247 utile
663 2188 775 2266 lignum

137 2263 264 2344 Navigiis
279 2268 370 2345 pinos,
383 2269 514 2328 domibus
527 2269 697 2346 cedrumque
711 2285 918 2345 cupressosque.

137 2344 210 2405 Hinc
223 2347 318 2406 radios
330 2348 435 2407 trivere
448 2350 527 2421 rotis,
540 2348 607 2407 hinc
620 2351 759 2426 tympana
771 2347 904 2424 plaustris

136 2427 281 2505 Agricola,
295 2430 325 2486 et
337 2428 444 2505 pandas
456 2429 566 2487 ratibus
578 2448 695 2505 posuere
708 2427 832 2486 carinas:

136 2505 295 2564 liminibus
309 2507 406 2565 salices
418 2508 553 2580 fecundae,
562 2508 708 2567 frondibus
722 2506 801 2577 ulmi,

136 2588 171 2646 At
184 2589 301 2664 myrtus
313 2586 415 2646 validis
427 2587 585 2660 hastilibus,
599 2591 629 2645 et
641 2587 716 2645 bona
728 2586 802 2645 bello

137 2666 260 2737 Cornus3
282 2665 404 2725 Ituraeos
416 2667 478 2725 taxi
490 2669 660 2745 torquentur
672 2668 704 2724 in
717 2687 807 2725 arcus.

136 2745 193 2806 Nec
205 2746 278 2806 tiliae
291 2746 367 2805 leves
380 2749 431 2805 aut
444 2750 528 2806 torno
541 2747 622 2805 rasile
635 2746 744 2804 buxum

136 2825 199 2885 Non
212 2828 336 2886 formam
349 2826 492 2904 accipiunt
504 2828 633 2903 ferroque
646 2830 783 2884 cavantur
796 2828 889 2883 acuta

136 2905 193 2965 Nec
206 2927 267 2965 non
280 2909 311 2965 et
323 2909 481 2966 torrentem
494 2906 600 2964 undam
612 2906 682 2964 levis
694 2906 808 2964 innatat
822 2905 911 2976 alnus,

137 2984 224 3044 Missa
237 2986 334 3058 Pado;
353 3006 477 3046 necnon
490 2990 520 3044 et
534 3006 599 3063 apes
613 2986 742 3045 examina
754 2985 880 3044 condunt

138 3064 349 3143 Corticibusque
362 3066 438 3124 cavis
451 3065 616 3143 vitiosaque
629 3065 700 3123 ilicis
715 3066 802 3123 alveo.

138 3145 208 3216 Quid
219 3147 436 3205 memorandum
449 3166 527 3224 aque
541 3144 681 3204 Baccheia
694 3145 768 3204 dona
780 3141 939 3202 tulerunt?

138 3223 263 3284 Bacchus
277 3228 307 3285 et
320 3226 357 3283 ad
370 3226 483 3303 culpam
496 3245 593 3284 causas
607 3224 702 3297 dedit3
721 3224 768 3282 ille
781 3225 907 3282 furentes

138 3303 291 3365 Centauros
303 3305 362 3364 leto
376 3305 496 3376 domuit,
510 3305 706 3381 Rhoetumque
722 3303 901 3380 Pholumque
935 3338 938 3344 -

138 3384 175 3443 Et
187 3405 294 3462 magno
309 3385 446 3462 Hylaeum
460 3383 592 3462 Lapithis
607 3387 713 3442 cratere
726 3384 893 3442 minantem.

172 3465 197 3524 O
210 3467 372 3525 fortunatos
384 3464 514 3537 nimium,
528 3484 580 3523 sua
592 3463 616 3520 si
628 3464 703 3522 bona
715 3462 821 3534 norint,

136 3545 290 3623 Agricolas,
304 3544 406 3622 quibus
418 3545 488 3621 ipsa,
500 3543 599 3621 procul
612 3543 785 3601 discordibus
799 3541 893 3610 armis,

136 3623 244 3684 Fundit
256 3625 346 3682 humo
358 3625 470 3683 facilem
482 3624 592 3682 victum
601 3621 761 3700 jimtissima
773 3621 873 3679 tellus!

136 3705 164 3762 Si
176 3726 235 3765 non
247 3705 396 3782 ingentem
407 3703 514 3763 foribus
530 3703 630 3761 domus
645 3703 703 3760 alta
716 3699 843 3777 superbis

135 3784 217 3844 Mane
230 3785 409 3844 salutantum
422 3783 493 3842 totis
505 3782 597 3841 vomit
612 3782 717 3841 aedibus
730 3779 853 3850 undarn;

134 3863 195 3925 Nec
207 3864 302 3924 varios
311 3863 425 3922 inhiant
435 3863 555 3941 ,pulchra
567 3861 712 3921 testudine
725 3862 829 3938 postes,
