2446 4260
429 217 594 262 sueones.
635 220 702 263 nce.
717 223 760 265 rx.
1031 212 1069 270 23

113 361 232 438 Sponte
244 381 303 432 sua,
317 361 387 419 dum
399 360 471 421 ferre
483 383 587 435 moror,
601 363 672 422 cinis
685 364 754 442 ipse.
795 363 910 423 Bonum
925 365 979 427 sit!

113 441 229 500 Nescio
243 441 310 519 quid
324 443 400 500 certe
414 445 474 514 est3
495 446 525 501 et
539 443 639 520 Hylax
652 444 683 502 in
696 445 795 503 limine
807 445 905 504 latrat.

116 520 296 580 Credimus?
309 541 354 591 an,
369 521 419 598 qui
431 526 539 594 amant,
552 523 608 600 ipsi
621 523 675 582 sibi
689 525 800 584 somnia
813 525 952 601 fingunt?

118 601 247 674 Parcite,
260 602 298 660 eb¹
307 602 378 660 urbe
390 602 479 674 venit,
488 603 551 680 jam
563 603 680 680 parcite,
694 604 828 677 carmine,
842 604 1003 683 Daphnis.”

382 2027 547 2088 ECLOGA
567 2029 623 2089 IX.
664 2028 816 2088 MOERIS.

164 2174 242 2234 Ine.
262 2175 327 2247 Quo
339 2176 379 2246 te,
390 2174 487 2246 Moeri,
497 2175 607 2253 pedes?
621 2197 666 2247 en,
677 2195 733 2253 quo
745 2175 793 2232 via
806 2175 894 2247 ducit,
905 2175 935 2233 in
949 2177 1049 2235 urbem
1059 2175 1072 2235 Ρ

163 2255 259 2313 an.
280 2256 305 2313 0
319 2254 437 2332 Lycida,
451 2256 510 2313 vivi
522 2256 709 2333 pervenimus,
723 2255 832 2313 advena
844 2256 937 2314 nostri

127 2335 229 2411 (Quod
241 2354 387 2412 nunquam
400 2334 486 2393 veriti
499 2335 620 2413 sumus)
637 2339 671 2393 ut
684 2355 827 2413 possessor
841 2335 926 2412 agelli

122 2416 259 2474 Diceret:
281 2419 297 2445 “
306 2414 380 2472 Haec
393 2435 457 2474 mea
470 2419 555 2486 sunt;
571 2419 680 2474 veteres
693 2415 816 2492 migrate
830 2415 953 2474 coloni.’'

121 2495 213 2553 Nunc
227 2494 305 2566 victi,
318 2493 426 2559 tristes
441 2495 575 2572 quoniam
589 2495 662 2553 Fors
675 2494 771 2553 onmia
783 2498 887 2566 versat,

120 2575 191 2633 Hos
203 2574 247 2632 illi
262 2573 354 2652 (quod
366 2594 418 2632 nec
431 2575 503 2634 bene
515 2575 625 2651 vertat)
641 2575 786 2633 mittimus
799 2575 904 2652 haedos.

165 2653 241 2713 LYu.
262 2653 348 2712 Certe
361 2654 492 2731 equidem
505 2654 657 2725 audieram,
672 2675 728 2731 que
741 2675 770 2712 se
785 2655 939 2713 subducere
952 2654 1036 2713 colles

121 2734 284 2811 Incipiunt,
297 2733 431 2810 mollique
440 2733 545 2811 jugum
558 2734 709 2792 demittere
721 2734 805 2806 clivo,
828 2761 831 2766 ·

120 2815 225 2891 Usque
238 2814 275 2872 cd
288 2833 391 2890 aquam
405 2818 435 2872 et
447 2818 567 2885 veteres,
577 2815 638 2891 jem
651 2814 742 2872 fracte
755 2814 910 2887 cacumina,
923 2814 1014 2892 fagos,

119 2894 230 2954 Omnia
242 2893 415 2952 carminibus
428 2897 557 2952 vestrum
572 2914 696 2953 servasse
710 2894 871 2953 Menalcan.

165 2973 259 3031 Muen.
279 2971 428 3044 Audieras3
442 2976 473 3031 et
485 2973 563 3031 fama
575 2973 648 3045 fuit3
669 2974 718 3031 sed
732 2974 858 3032 carmina
870 2976 987 3032 tantum

121 3053 238 3114 Nostra
250 3051 357 3123 velent,
371 3051 489 3131 Lycida,
502 3053 562 3110 tela
574 3053 650 3111 inter
663 3053 781 3125 Martia,
795 3058 936 3131 quantum

122 3131 269 3191 Chaonias
284 3131 392 3204 dicunt,
406 3132 501 3209 aquila
513 3132 654 3204 veniente,
668 3133 822 3191 columbas.

122 3212 211 3285 Quod
223 3211 279 3269 nisi
292 3231 339 3270 me
352 3231 529 3289 quacumque
542 3232 629 3270 novas
642 3212 765 3270 incidere
779 3212 844 3271 lites

122 3295 207 3351 Ante
221 3290 338 3349 sinistra
350 3311 419 3349 cave
431 3291 589 3350 monuisset
603 3292 638 3349 ab
651 3292 714 3350 ilice
728 3293 842 3351 cornix:

121 3371 191 3431 Nec
203 3373 272 3428 tuus
284 3370 333 3429 hic
346 3370 457 3442 Moeris,
470 3390 523 3428 nec
535 3371 644 3429 viveret
656 3371 717 3448 ipse
731 3371 884 3430 Menalcas.

167 3450 243 3509 LYu.
258 3450 855 3528 Heu,caditinquemquamtantumscelusP
866 3451 986 3522 heu‚tua
993 3448 1076 3507 nobis

124 3531 214 3590 Paene
228 3530 314 3588 simul
325 3533 423 3588 tecum
436 3529 538 3589 solatia
550 3534 641 3608 rapte,
655 3530 811 3590 Menalca?

125 3610 200 3683 Quis
212 3612 326 3669 caneret
339 3608 516 3688 Nymphas?
538 3611 600 3687 quis
614 3612 735 3669 humum
748 3611 916 3669 florentibus
928 3607 1025 3666 herbis

125 3691 289 3768 Spargeret,
302 3692 353 3748 out
365 3689 451 3748 viridi
462 3690 557 3748 fontes
570 3691 716 3750 induceret
729 3688 854 3748 umbra?

125 3770 184 3829 Vel
198 3790 260 3848 quae
273 3769 384 3847 sublegi
396 3769 503 3828 tacitus
516 3769 572 3827 tibi
586 3770 711 3828 carmine
723 3789 813 3846 nuper

127 3849 227 3922 Quum
238 3852 270 3909 te
283 3850 320 3908 ad
332 3849 447 3908 delicias
459 3849 555 3919 ferres
569 3849 756 3926 Amaryllide,
770 3846 906 3906 nostresl>

128 3935 147 3963 ‘⁸
155 3930 267 4010 Tityre,
280 3929 350 3989 dum
362 3929 456 4002 redeo,
468 3928 563 3987 brevis
577 3933 621 3989 est
633 3929 688 4001 via,
701 3947 784 4006 pasce
797 3927 927 4005 capellos,
