2446 4260
130 204 169 261 48
414 220 441 261 r.
455 219 596 262 mamm
609 219 751 263 meurs

131 361 267 440 Populus,
281 364 311 420 et
325 360 426 439 glauca
439 362 570 420 canentia
582 362 681 421 fronde
695 361 803 420 salicta.

132 441 203 500 Pars
217 444 314 500 autem
326 441 419 518 posito
433 446 556 520 surgunt
570 443 605 501 de
618 442 741 513 semine;
762 445 796 500 ut
810 443 876 501 altae

132 521 287 593 Castaneas,
301 541 504 598 nemorumque
518 521 539 579 J
540 522 587 580 ovi
600 541 664 599 quae
677 522 801 580 maxima
812 523 927 582 frondet

134 601 276 672 AEsculus,
291 605 376 678 atque
389 602 496 660 habitae
509 601 603 659 Graiis
617 603 730 660 oracula
743 622 870 678 quercus.

133 680 262 739 Pullulat
276 681 311 739 ab
324 681 416 739 radice
430 681 491 739 aliis
505 680 671 739 densissima
684 682 770 740 silva:

133 761 178 820 Ut
191 760 291 820 cerasis
305 761 461 837 ulmisque;
481 760 568 819 etiam
582 760 718 819 Parnasia
730 762 825 820 laurus

133 841 228 900 Parva
240 841 294 898 sub
307 841 419 918 ingenti
432 842 532 899 matris
546 860 576 899 se
590 841 704 917 subjicit
718 842 828 900 umbra.

134 921 199 979 Hos
212 924 315 978 natura
328 921 427 978 modos
440 921 564 998 primum
578 920 674 991 dedit;
694 921 739 978 his
753 942 844 999 genus
858 943 942 984 omne

134 1001 275 1058 Silvarum
289 1000 480 1077 fruticumque
493 999 567 1058 viret
580 1020 784 1078 nemorumque
797 1022 950 1063 sacrorum.

174 1081 249 1139 Sunt
262 1080 318 1151 alii,
332 1099 402 1156 quos
415 1080 475 1156 ipse
488 1079 535 1136 via
547 1078 602 1137 sibi
614 1080 718 1156 reperit
732 1102 808 1139 usus.

134 1160 194 1219 Hic
208 1161 318 1237 plantas
332 1163 430 1218 tenero
444 1158 609 1217 abscindens
623 1160 658 1218 de
671 1179 786 1237 corpore
800 1165 925 1222 matrum

134 1240 277 1317 Deposuit
290 1239 391 1311 sulcis;
414 1238 461 1297 hic
475 1240 576 1316 stirpes
590 1239 686 1298 obruit
699 1260 775 1313 arvo,

135 1320 368 1396 Quadrifidasque
381 1319 473 1390 sudes,
487 1323 516 1377 et
530 1322 614 1377 acuto
627 1319 726 1378 robore
739 1321 845 1393 vallos3

136 1400 332 1475 Silvarumque
345 1399 406 1457 aliae
420 1419 529 1476 pressos
543 1399 706 1476 propaginis
720 1420 800 1458 arcus

135 1479 314 1556 Exspectant
328 1482 358 1537 et
371 1479 436 1536 viva
449 1498 500 1537 sua
512 1478 653 1557 plantaria
665 1482 750 1539 terra.

136 1559 190 1618 Nil
202 1559 303 1616 radicis
317 1561 402 1636 egent
416 1557 498 1630 aliae3
519 1578 718 1634 summumque
731 1563 849 1636 putator

137 1639 227 1697 Haud
240 1639 354 1697 dubitat
367 1642 452 1696 terrae
466 1638 588 1696 referens
603 1639 735 1697 mandare
750 1659 893 1712 cacumen,

138 1719 212 1791 Quin
228 1722 258 1777 ct
271 1718 432 1777 caudicibus
446 1718 539 1789 sectis,
553 1718 681 1776 mirabile
694 1718 782 1792 dictu,

137 1799 276 1856 Truditur
289 1818 304 1856 e
318 1797 391 1856 sicco
405 1797 485 1855 radix
498 1797 627 1874 oleagina
640 1797 727 1874 ligno.

137 1879 180 1938 Et
194 1897 267 1956 saepe
280 1877 395 1935 alterius
408 1897 503 1935 ramos
515 1876 631 1954 impune
644 1877 773 1936 videmus
873 1927 875 1931 .

137 1959 256 2017 Vertere
269 1958 299 2015 in
313 1957 445 2028 alterius;
465 1960 663 2033 mutatamque
676 1957 764 2015 insita
777 1957 852 2016 mala

139 2039 226 2097 Ferre
238 2038 341 2115 pirum,
355 2039 385 2095 et
397 2036 497 2114 prunis
510 2037 637 2114 lapidosa
648 2038 795 2097 rubescere
809 2059 902 2096 corna.

179 2118 272 2190 Quare
285 2117 363 2194 agite
376 2137 401 2188 ο,
415 2115 542 2195 proprios
556 2117 713 2194 generatim
728 2116 828 2175 discite
843 2120 945 2191 cultus,

139 2198 291 2276 Agricola,
306 2199 471 2273 fructusque
484 2196 558 2254 feros
571 2196 680 2254 mollite
694 2197 827 2267 colend03

138 2278 206 2336 Neu
219 2297 319 2355 segnes
328 2277 442 2353 jaceant
455 2279 546 2335 terrae.
588 2275 679 2334 Juvat
694 2276 802 2334 Ismara
815 2277 930 2336 Baccho

140 2358 300 2428 Conserere,
314 2361 399 2434 atque
413 2357 474 2414 olea
486 2376 623 2433 magnum
637 2356 740 2415 vestire
754 2356 929 2416 Taburnum.

140 2437 240 2514 Tuque
254 2438 328 2507 ades,
341 2437 543 2513 inceptumque
556 2456 613 2493 una
625 2436 741 2494 decurre
753 2436 887 2510 laborem,

141 2518 166 2577 Ο
181 2518 273 2588 decus,
288 2537 304 2575 ο
319 2517 403 2574 famae
416 2515 519 2574 merito
532 2536 597 2592 pars
611 2516 734 2575 maxima
747 2520 861 2589 nostrae,

28 2628 33 2639 ι
141 2598 292 2668 Maecenas,
305 2596 460 2674 pelagoque
474 2596 571 2653 volans
585 2595 622 2653 da
634 2596 697 2654 vela
709 2596 829 2673 patenti.

140 2678 209 2736 Non
224 2697 277 2754 ego
291 2680 394 2735 cuncta
407 2675 476 2734 meis
491 2675 625 2752 amplecti
638 2676 764 2733 versibus
779 2679 864 2752 opt03

141 2757 219 2828 Non,
233 2757 305 2814 mihi
318 2757 342 2814 si
355 2757 460 2834 linguae
474 2759 590 2814 centum
604 2755 671 2825 sint,
685 2776 788 2832 oraque
802 2760 926 2827 centum,

142 2837 247 2896 Ferrea
259 2857 330 2895 vox:
352 2837 426 2907 ades,
440 2840 470 2894 et
483 2836 568 2912 primi
581 2835 644 2912 lege
658 2835 749 2893 litoris
763 2855 850 2892 oram.

142 2917 179 2975 In
193 2916 323 2975 manibus
336 2919 437 2973 terrae:
458 2935 516 2972 non
536 2914 582 2972 hic
602 2918 633 2972 te
647 2915 769 2972 carmine
783 2915 851 2972 ficto

141 2998 239 3073 Atque
252 3016 302 3072 per
315 2995 448 3072 ambages
462 2997 492 3052 et
505 2994 591 3070 longa
604 3013 702 3052 exorsa
714 2988 826 3052 tenebo.

182 3075 290 3153 Sponte
303 3095 355 3133 sua
367 3094 431 3152 quae
446 3093 475 3131 se
488 3073 597 3131 tollunt
609 3073 639 3130 in
653 3073 768 3131 luminis
782 3093 853 3144 oras,

142 3155 300 3214 infecunda
313 3155 436 3232 quidem,
450 3153 499 3211 sed
511 3153 580 3210 laeta
593 3156 623 3210 et
636 3153 722 3211 fortia
736 3158 876 3230 surgunt3

143 3236 253 3312 Quippe
267 3235 327 3292 solo
341 3238 443 3292 natura
456 3233 562 3291 subest.
603 3231 712 3290 Tamen
725 3233 788 3290 haec
802 3254 913 3309 quoque
928 3234 952 3292 si
965 3255 995 3312 qr

142 3316 263 3385 luserat,
277 3317 328 3372 aut
342 3313 486 3372 scrobibus
500 3311 617 3370 mandet
630 3316 744 3371 mutata
756 3313 889 3384 subactis,

141 3395 284 3455 Exuerint
297 3394 455 3451 silvestrem
468 3392 614 3463 animum3
634 3392 715 3451 cultu
734 3414 769 3451 ue
781 3393 924 3468 frequenti

143 3475 181 3534 Iu
195 3493 385 3552 quascumque
398 3493 480 3530 voces
494 3475 569 3530 artes
582 3472 661 3529 haud
673 3414 756 3530 tarda
768 3477 930 3548 sequentur.

142 3555 277 3615 Necnon
291 3558 321 3612 ct
335 3553 447 3624 sterilis,
461 3570 525 3630 quae
537 3551 674 3629 stirpibus
687 3552 746 3610 exit
760 3552 795 3609 ab
809 3552 883 3624 imis,

143 3635 210 3693 Hoc
224 3634 317 3705 faciet,
331 3653 434 3691 vacuos
448 3632 472 3689 si
485 3632 524 3690 sit
537 3631 649 3709 digesta
661 3652 711 3708 per
725 3652 824 3709 agros:

142 3714 231 3772 Nunc
245 3714 312 3772 altre
325 3712 437 3771 frondes
452 3715 481 3770 et
494 3711 567 3769 rami
579 3712 679 3769 matris
693 3714 822 3790 opacant,

144 3793 343 3869 Crescentique
357 3793 488 3851 adimunt
501 3791 586 3862 fetus,
600 3795 744 3869 urrmtque
756 3792 906 3849 ferentem.

144 3872 166 3930 J
167 3892 221 3944 am,
235 3893 298 3951 quae
312 3871 466 3931 seminibus
476 3870 562 3949 jactis
576 3890 606 3929 se
620 3872 738 3929 sustulit
752 3871 842 3942 arbos,

144 3952 238 4012 Tarda
249 3952 338 4026 venit,
352 3952 421 4011 seris
433 3951 545 4010 factura
556 3951 708 4029 nepotibus
721 3952 871 4023 umbram;
