2446 4260
456 244 598 288 numos
611 245 674 287 m.
688 246 761 288 vm.

135 387 179 446 Ut
191 387 265 447 bello
278 387 406 466 egregias
419 387 496 446 idern
509 387 651 466 disjecerit
663 389 756 458 urbes,

135 466 305 546 Trojamque
319 466 550 544 OEcbaliamque3
570 471 604 525 ut
618 468 703 526 duros
716 467 793 526 mille
806 467 915 527 labores

134 546 216 625 Rege
229 548 282 606 sub
296 547 469 625 Eurysthea
483 547 549 605 fatis
563 547 584 604 J
586 547 687 605 ononis
700 548 813 624 iniquae,

135 626 299 686 Pertulerit.
340 626 412 684 “Tu
424 627 589 704 nubigenas,
601 627 716 698 invicte,
730 627 899 686 bimembres

135 705 328 784 Hylaeumque
342 706 520 783 Pholumque
534 727 620 764 manu
633 711 668 765 tu
682 707 778 765 Cresia
791 713 898 765 mactas

136 785 278 864 Prodigia,
292 789 322 845 et
335 790 449 845 vastum
464 786 568 844 Nomia
581 787 634 844 sub
646 807 716 863 rupe
729 787 848 846 leonem.

134 865 177 924 Te
190 866 287 944 Stygii
298 869 439 924 tremuere
451 866 537 936 lacus,
550 869 580 924 te
589 866 698 943 janitor
712 866 779 924 Orci

136 944 207 1004 Ossa
219 966 304 1024 super
316 947 453 1004 recubans
466 949 549 1004 antro
563 965 670 1004 semesa
682 949 817 1016 cruent03

136 1024 197 1084 Nec
210 1028 242 1084 te
255 1026 321 1083 ullae
333 1025 427 1096 facies,
440 1046 498 1083 non
511 1025 616 1083 terruit
629 1025 689 1102 ipse
702 1025 849 1102 Typhoeus

136 1105 252 1163 Arduus
264 1125 343 1163 arma
355 1108 473 1175 tenens;
493 1125 551 1163 non
564 1109 594 1163 te
607 1105 725 1163 rationis
739 1109 872 1182 egentem

136 1183 273 1243 Lernaeus
285 1185 371 1244 turba
383 1185 508 1262 capitum
523 1185 713 1242 circumstetit
726 1185 836 1262 anguis.

137 1263 226 1336 Salve,
240 1285 307 1323 vera
319 1264 341 1322 J
342 1265 401 1322 ovis
415 1265 515 1342 proles,
529 1264 614 1322 decus
627 1265 724 1322 addite
737 1265 828 1336 divis,

136 1343 178 1402 Et
189 1364 243 1402 uos
257 1347 287 1402 et
299 1347 352 1402 tua
365 1344 464 1402 dexter
476 1344 522 1402 adi
535 1344 605 1420 pede
619 1363 697 1401 sacra
710 1343 863 1402 secundo.”

137 1423 216 1482 Talia
229 1423 400 1482 carminibus
414 1423 571 1483 celebrant:
593 1443 677 1500 super
690 1423 785 1481 omnia
799 1422 867 1482 Caci
916 1470 920 1478 .

137 1501 305 1580 Speluncam
318 1503 464 1581 adjiciunt,
477 1503 687 1580 spirantemque
699 1503 814 1580 ignibus
826 1503 920 1580 ipsum

138 1581 282 1642 Consonat
295 1603 379 1641 omne
391 1603 491 1641 namus
505 1583 637 1659 strepitu,
651 1583 790 1658 collesque
803 1583 953 1642 resultant.

174 1663 253 1720 Exin
266 1683 296 1721 se
308 1683 379 1721 cunc
395 1662 402 1676 ’
439 1662 521 1720 'vinis
534 1663 618 1720 rebus
631 1662 668 1720 ad
679 1663 780 1720 urbem

137 1741 274 1802 Perfectis
287 1743 422 1801 referun.
462 1742 531 1800 Ibat
543 1762 593 1800 rex
606 1742 716 1800 obsitus
730 1761 800 1812 aevo,

137 1822 178 1959 Elnt
191 1823 328 1883 comitem
339 1820 451 1881 AE'nean
460 1823 545 1900 juxta
557 1826 714 1897 natumque
727 1788 844 1879 tenebat

137 1894 336 2043 ffigrraf,
324 1903 459 1979 varioque
472 1902 548 1959 viam
562 1921 689 1959 sermone
703 1901 824 1960 levabat.

137 1978 434 2059 Mirat,5acilesque
447 1981 543 2040 oculos
557 1981 613 2040 fert
626 1980 722 2039 omnia
734 1981 841 2039 circum

137 2061 252 2133 AEueas,
266 2061 431 2138 capiturque
445 2061 531 2132 locis3
551 2064 582 2119 et
595 2060 708 2138 singula
720 2060 805 2118 laetus

137 2106 326 2218 Exquiritque
340 2140 514 2217 auditque
488 2161 582 2198 virum
594 2144 781 2199 monumenta
793 2140 929 2218 priorum

137 2221 212 2279 'llum
224 2240 275 2279 rex
288 2221 447 2291 Evandrus,
462 2220 602 2278 Romanae
615 2221 746 2279 conditor
759 2221 846 2279 arcis:

138 2305 153 2330 “
162 2301 237 2359 Haec
250 2321 366 2359 nemora
378 2300 520 2378 indigena
536 2300 629 2357 Fauni
639 2300 841 2378 Nymphaeque
853 2299 1000 2370 tenebant,

137 2380 270 2456 (iensque
283 2381 377 2438 virum
389 2380 499 2437 truncis
512 2383 542 2437 et
555 2379 627 2437 duro
639 2380 739 2438 robore
753 2383 836 2438 nata:

138 2460 223 2532 Queis
237 2480 327 2537 neque
337 2479 399 2517 mos
408 2479 499 2535 neque
513 2459 607 2518 cultus
621 2462 698 2531 erat3
717 2479 770 2518 neo
779 2459 900 2538 jungere
912 2461 1019 2531 tauros,

138 2540 199 2598 Aut
212 2559 379 2616 componere
393 2559 459 2616 opes
473 2543 585 2610 norant,
599 2543 650 2597 aut
662 2559 776 2615 parcere
788 2545 888 2617 parto:

138 2619 193 2678 Sed
206 2620 278 2678 rami
291 2623 377 2696 atque
391 2638 471 2696 asper
485 2618 564 2677 victu
577 2622 698 2676 venatus
711 2617 815 2676 alebat.

138 2699 252 2757 Primus
266 2699 301 2756 ab
315 2699 431 2757 etherio
444 2698 524 2756 venit
538 2697 677 2755 Saturnus
691 2698 825 2775 Olympo,

138 2779 227 2837 Arma
240 2779 261 2836 J
263 2779 323 2836 ovis
336 2777 447 2855 fugiens
461 2780 490 2836 et
503 2777 598 2855 regnis
612 2776 691 2835 exsul
703 2776 833 2835 ademtis.

139 2859 169 2916 Is
182 2879 273 2936 genus
286 2857 406 2916 indocile
420 2878 452 2916 ao
465 2857 623 2934 dispersum
636 2856 782 2915 montibus
795 2856 861 2914 altis

139 2937 316 3015 Composuit,
329 2937 460 3015 legesque
473 2938 561 3008 dedit,
575 2936 748 3014 Latiumque
760 2936 855 2994 vocari

139 3017 254 3090 Maluit,
268 3017 313 3074 his
327 3016 461 3095 quoniam
474 3017 605 3074 latuisset
618 3020 701 3074 tutus
713 3016 744 3073 in
758 3016 823 3074 oris.

139 3098 234 3156 Aurea
247 3115 311 3174 quae
324 3097 484 3174 perhibent,
496 3097 545 3154 illo
559 3096 612 3153 sub
625 3116 692 3173 rege
704 3096 820 3153 fuemnt

140 3177 261 3235 Secula:
283 3176 323 3234 sic
336 3176 446 3254 placida
457 3176 577 3253 populos
589 3175 620 3232 in
633 3195 701 3252 pace
714 3175 848 3252 regebat;

139 3257 273 3315 Deterior
285 3257 375 3315 donec
387 3255 526 3334 paulatim
540 3275 572 3313 aa
586 3255 699 3313 decolor
712 3258 781 3313 aetas

139 3336 181 3394 Ilt
193 3337 262 3396 belli
275 3337 366 3394 rabies
380 3339 410 3394 et
423 3355 502 3393 amor
515 3335 652 3393 successit
664 3334 797 3393 habendi.

139 3415 215 3474 Tum
228 3436 330 3474 manus
343 3415 470 3473 Ausonia
482 3418 512 3472 et
526 3418 626 3492 gentes
638 3434 740 3473 venere
754 3414 877 3486 Sicanae3

140 3495 248 3574 Saepius
262 3499 292 3554 et
304 3515 408 3554 nomen
422 3495 518 3586 posuit
532 3494 665 3552 Saturnia
677 3494 771 3553 tellus.

140 3574 216 3634 Tum
228 3596 318 3653 reges
332 3594 467 3652 asperque
479 3574 598 3631 immani
611 3594 725 3666 corpore
739 3570 873 3650 Thybris,

138 3655 167 3712 A
180 3676 237 3733 quo
250 3659 317 3732 post
330 3653 400 3712 Itali
413 3653 532 3711 fiuvium
545 3654 713 3730 cognomine
726 3653 790 3730 Th)
794 3651 868 3710 brim

140 3735 289 3807 Diximus3
310 3734 406 3792 amisit
419 3753 518 3791 verum
531 3736 614 3791 vetus
626 3733 733 3790 Albula
744 3750 857 3790 nomen.

140 3814 191 3874 Ma
203 3815 318 3891 pulsum
331 3813 432 3891 patria,
445 3812 593 3890 pelagique
606 3817 733 3871 extrema
746 3812 920 3887 sequentem,

141 3893 271 3952 Fortuna
284 3894 464 3971 omnipotens
477 3894 507 3951 et
520 3891 701 3951 ineluctabile
713 3891 809 3949 fatum

132 3972 192 4029 His
197 3993 320 4048 posuere
331 3971 403 4032 locis
410 3997 420 4047 ,·
438 3971 601 4055 matrisque
614 3994 702 4056 egere
712 3972 872 4036 mamendal
