2446 4260
479 115 621 158 nmmos
634 116 697 158 LIB.
711 116 755 158 XI.

143 256 258 329 AEneas,
270 259 305 315 ut
318 257 394 315 fama
406 258 491 316 fidem
505 258 638 336 missique
650 261 798 337 reportant

143 336 353 412 Exploratores,
368 337 497 415 equitnm
509 337 583 396 levia
595 339 740 416 improbus
754 359 832 398 arma

143 415 295 487 Praemisit,
309 420 459 494 quaterent
473 437 603 494 eamp0s3
622 418 683 496 ipse
696 419 784 476 ardua
795 420 902 479 montis

143 496 199 554 Per
212 497 324 554 deserta
332 497 404 574 jugo
418 518 552 574 superans
566 498 702 556 adventat
716 498 751 556 ad
764 499 873 558 urbem.

142 575 236 633 Fiuta
247 596 315 653 paro
328 575 396 634 belli
409 597 533 635 convexo
547 577 577 635 in
590 578 708 636 tramite
721 577 809 651 silvae,

142 654 186 713 Ut
198 655 289 713 bivias
303 659 412 714 armato
426 657 554 715 obsidam
567 657 658 715 milite
671 659 774 716 fauces.

143 734 188 792 Tu
202 734 384 812 Tyrrhenum
397 737 522 813 equitem
535 737 646 795 collatis
659 737 755 814 excipe
768 737 874 814 signis3

142 814 250 873 Tecum
263 835 326 874 acer
339 815 489 892 Messapus
502 816 566 888 erit,
578 820 739 894 turmaeque
753 817 872 890 Latina,

142 894 317 971 Tiburnique
329 915 446 954 manus:
468 895 547 954 ducis
560 899 591 953 et
603 899 639 953 tu
651 897 765 973 concipe
778 898 905 956 curam.”

141 973 188 1032 Sic
202 975 251 1045 ait,
266 978 296 1033 et
309 974 422 1052 paribus
436 975 602 1052 Messapum
614 975 645 1032 in
658 976 757 1052 proelia
770 976 854 1034 dictis

141 1053 288 1113 Hortatur
301 1055 445 1132 sociosque
459 1055 552 1128 duces,
566 1058 595 1113 et
608 1056 702 1132 pergit
715 1056 746 1112 in
759 1056 881 1115 hostem.

141 1135 198 1192 Est
212 1154 298 1192 curvo
312 1135 442 1192 aubactu
454 1135 549 1207 valles,
563 1136 744 1194 accommoda
756 1136 850 1193 fraudi

141 1214 350 1290 Armorumque
364 1214 444 1286 dolis,
458 1235 544 1290 quam
557 1214 650 1273 densis
663 1215 809 1274 frondibus
823 1219 919 1274 atrum

141 1292 236 1370 Urget
249 1293 392 1371 utrimque
405 1293 498 1366 latus3
517 1295 613 1353 tenuis
627 1315 682 1371 quo
695 1296 798 1353 semita
810 1295 898 1367 ducit,

141 1375 339 1451 Angustaeque
352 1374 448 1432 fenmt
460 1375 554 1433 fauces
568 1375 718 1451 aditusque
731 1375 858 1452 maligni.

140 1452 227 1511 Hanc
241 1473 324 1529 super
337 1453 367 1511 in
381 1454 500 1531 speculis
514 1473 680 1531 summoque
693 1454 724 1511 in
736 1456 843 1514 vertice
856 1454 963 1515 montis

141 1532 280 1591 Planities
293 1533 394 1610 ignota
402 1534 488 1612 jacet,
502 1534 616 1611 tutique
628 1538 776 1610 receptus3

141 1613 197 1671 Seu
211 1612 311 1671 dextra
324 1614 449 1691 laevaque
462 1613 532 1672 vebs
545 1634 688 1672 occurrere
701 1634 815 1691 pugnae,

141 1692 207 1751 Sive
219 1693 326 1752 instare
335 1693 422 1771 jugis,
436 1696 466 1751 et
479 1693 598 1770 grandia
609 1693 721 1752 volvere
734 1714 810 1752 saxa.

140 1772 211 1831 Huc
220 1773 333 1851 juvenis
347 1776 417 1832 nota
428 1774 520 1832 fertur
532 1773 647 1850 regione
660 1773 779 1844 viarum,

140 1852 327 1930 Arripuitque
340 1853 444 1924 locum,
457 1856 487 1911 et
501 1853 579 1911 siluis
592 1852 696 1910 insedit
709 1852 822 1929 iniquis.

180 1931 314 1990 Velocem
326 1933 435 1991 interea
448 1933 555 2009 superis
568 1933 599 1990 in
612 1932 724 1990 sedibus
738 1932 833 2009 Opim,

141 2010 238 2069 Unam
252 2031 286 2070 ex
299 2013 456 2090 virginibus
470 2013 552 2071 sociis
566 2032 699 2089 sacraque
712 2015 833 2086 caterva,

141 2089 345 2168 Compellabat,
359 2096 388 2151 et
401 2092 453 2150 has
466 2093 564 2151 tristes
578 2091 701 2150 Latonia
713 2112 795 2150 voces

141 2170 197 2228 Ore
211 2171 313 2230 dabat:
335 2176 351 2202 “
361 2172 499 2231 (irraditur
511 2173 618 2232 bellum
631 2172 667 2230 ad
681 2171 793 2230 crudele
807 2170 934 2245 Camilla,

140 2250 166 2307 0
179 2250 270 2329 virge,
284 2256 314 2310 et
327 2252 432 2310 nostris
445 2252 636 2330 nequidquam
650 2252 776 2329 cingitur
789 2251 885 2323 armis,

139 2329 214 2388 Cara
226 2331 298 2388 mihi
311 2335 378 2390 ante
391 2332 488 2390 alias.''
529 2332 632 2408 Neque
645 2332 722 2390 enim
734 2351 825 2390 novus
837 2331 893 2390 iste
905 2331 1009 2391 Dianae

139 2409 229 2469 Venit
243 2431 329 2483 amor,
344 2411 492 2488 subitaque
505 2412 632 2469 animum
645 2410 793 2469 dulcedine
805 2411 906 2470 movit.

140 2489 245 2548 Pulsus
259 2491 295 2549 ob
308 2490 445 2548 invidiam
458 2510 546 2567 regno
558 2491 687 2567 viresque
701 2491 834 2566 superbas

140 2568 278 2630 Priverno
292 2571 411 2648 antiqua
423 2571 559 2628 Metabus
572 2590 661 2646 quum
674 2570 820 2628 excederet
833 2569 912 2640 urbe,

140 2648 287 2708 Infantem
300 2651 412 2727 fugiens
425 2651 518 2708 media
529 2649 606 2707 inter
618 2648 718 2725 proelia
729 2648 797 2706 belli

140 2728 264 2788 Sustulit
278 2731 376 2789 exsilio
389 2730 532 2802 comitem,
545 2729 700 2804 matrisque
711 2727 825 2787 vocavit

139 2809 266 2868 Nomine
280 2809 428 2883 Oasmillae,
441 2813 555 2868 mutata
567 2811 656 2886 parte,
670 2807 828 2866 Canrillam.

140 2888 216 2966 Ipse,
230 2889 295 2947 sinu
307 2911 365 2967 prae
379 2911 408 2949 se
421 2894 546 2968 portans,
555 2889 627 2967 juga
638 2889 725 2966 longa
737 2889 853 2966 petebat

139 2967 272 3027 Selorum
284 2989 432 3028 nemorum
442 2995 448 3041 ;
468 2970 527 3028 tela
538 2970 663 3046 undique
676 2987 751 3026 saeva
763 2968 939 3045 premebant,

139 3048 183 3106 Et
197 3049 303 3107 circum
316 3051 379 3108 fuso
392 3049 553 3109 volitabant
566 3049 658 3108 milite
671 3047 777 3106 Volsci.

139 3127 224 3200 Ecce,
238 3129 315 3207 fugae
327 3129 421 3188 medio
434 3129 552 3187 summis
565 3129 725 3186 Amasenus
738 3128 885 3186 abundans

140 3207 298 3285 Spumabat
311 3209 380 3286 ripis
391 3233 398 3280 ;
417 3211 517 3267 tantus
531 3228 561 3266 se
574 3208 697 3267 nubibus
710 3207 801 3266 imber

139 3287 278 3366 Ruperat.
319 3289 382 3362 Ille,
395 3288 494 3346 innare
506 3309 617 3365 parans,
630 3287 749 3346 infantis
762 3307 857 3346 amore

139 3368 290 3440 Tardatur,
304 3388 424 3446 caroque
438 3368 516 3426 oneri
528 3369 622 3426 timet.
664 3367 768 3425 Omnia
781 3386 876 3425 secum

138 3447 273 3507 Versanti
287 3449 382 3507 subito
396 3449 444 3507 vix
456 3448 518 3507 baec
532 3447 675 3507 sententia
687 3447 778 3506 sedit:

139 3528 242 3587 Telum
255 3529 388 3601 immane,
400 3549 488 3587 manu
500 3528 594 3586 valida
607 3527 683 3603 quod
695 3528 769 3585 forte
783 3525 900 3604 gerebat

139 3607 277 3681 Bellator,
291 3609 413 3667 solidum
426 3608 507 3667 nodis
521 3611 551 3666 et
564 3607 664 3666 robore
678 3610 776 3677 coct0;

139 3689 219 3747 Huic
233 3692 340 3760 natam,
353 3689 426 3746 libro
440 3692 470 3746 et
484 3687 607 3746 silvestri
620 3688 718 3745 subere
731 3685 865 3755 clausam,

139 3767 283 3844 Implicat,
297 3771 384 3843 atque
396 3767 521 3826 habilem
534 3767 637 3827 mediae
652 3765 836 3845 circumligat
843 3763 958 3837 basta,

131 3847 221 3916 Quam
235 3847 337 3905 dextra
348 3847 467 3925 ingenti
480 3848 594 3910 librans
606 3849 654 3911 ita
667 3849 706 3911 ad
718 3848 834 3912 atbera
843 3845 949 3907 latur:
