2446 4260
132 209 170 270 52
434 226 461 267 1.
476 224 616 267 11111111
635 224 778 268 macrus

132 368 153 425 J
154 367 212 426 ulia
225 387 281 445 qua
292 371 381 445 ponto
394 368 478 446 longe
491 370 574 427 sonat
586 368 664 426 unda
672 369 774 440 refuso,

132 448 352 525 Tyrrhenusque
365 448 445 507 fretis
458 447 627 506 immittitur
639 451 724 507 aestus
734 448 879 508 Auernis?

133 527 205 585 Hac
218 527 315 586 eadem
329 528 441 605 argenti
453 528 528 587 rivos
543 527 662 605 arisque
675 529 791 588 metella

134 606 269 666 Ostendit
282 607 369 678 venis,
383 610 469 684 atque
483 626 550 666 auro
563 607 686 683 plurima
697 608 790 667 fluxit.

134 685 207 744 Haec
220 707 310 764 genus
323 707 385 745 acre
397 687 499 758 virum,
514 688 626 746 Marsos
639 688 799 765 pubemque
813 688 962 762 Sabellam,

134 767 345 844 Assuetumque
358 767 432 825 111110
446 767 591 844 Ligurem,
604 767 777 846 Volscosque
790 772 906 827 verutos

135 846 267 918 Extulit3
287 846 952 925 1111Ι)10101,Μ11101,1118101111110111111101,

135 924 277 1003 Scipiadas
291 926 375 984 duros
388 926 471 997 bello,
486 929 516 984 et
528 931 567 997 te,
578 926 701 986 maxime
711 926 816 999 Oaesar,

135 1005 192 1077 Qui
204 1025 280 1063 nunc
293 1006 426 1064 extremis
440 972 535 1064 A'siae
523 1026 584 1083 Jam
596 1006 709 1064 victor
701 1027 733 1064 m
746 1007 802 1065 oris

136 1085 286 1144 Imbellem
300 1086 403 1144 avertis
414 1086 551 1144 Romanis
565 1086 675 1144 arcibus
689 1086 804 1144 lndum.

136 1164 227 1237 Salve,
240 1185 345 1242 magna
357 1185 457 1242 parens
470 1166 594 1243 frugum,
609 1165 743 1224 Saturnia
754 1167 850 1237 tellus,

135 1244 246 1321 Magna
257 1245 366 1303 virum:
387 1245 441 1303 tibi
454 1265 497 1303 res
511 1245 635 1322 antiquae
647 1245 738 1303 laudis
751 1249 782 1304 11
795 1245 864 1304 artis

136 1324 294 1401 Ingredior,
308 1327 420 1383 sanctos
434 1345 518 1382 ausus
531 1325 673 1384 recludere
686 1326 788 1396 fontes,

135 1404 336 1482 Ascraeumque
349 1424 418 1462 cano
432 1404 564 1462 Romana
575 1425 625 1496 per
638 1404 741 1482 oppida
753 1424 875 1463 carmen.

175 1483 263 1542 Nunc
275 1483 353 1542 locus
368 1504 498 1542 arvorum
511 1484 648 1562 ingeniis:
670 1505 732 1562 quae
745 1486 848 1544 robora
859 1483 968 1563 cuique,

137 1563 207 1635 Quis
221 1564 306 1635 color,
319 1567 349 1622 11
363 1584 427 1641 quae
441 1563 480 1622 sit
493 1565 576 1623 rebus
589 1566 692 1623 natura
704 1564 835 1623 ferendis.

137 1642 274 1702 Difficiles
287 1644 411 1720 primum
423 1647 518 1715 11111,
532 1644 670 1720 collesque
682 1643 809 1722 maligni,

138 1722 244 1781 Tenuis
257 1723 307 1781 ubi
320 1723 427 1801 argilla,
442 1727 472 1781 et
485 1690 610 1781 ddmosis
623 1723 747 1782 calculus
760 1723 843 1797 arvis,

138 1801 264 1861 Palladia
277 1803 403 1880 gaudent
416 1803 525 1861 silva
498 1802 603 1861 vivacis
617 1803 705 1860 olivae.

138 1882 249 1941 Indicio
263 1886 316 1954 est,
328 1885 425 1941 tractu
438 1902 555 1960 surgens
569 1884 689 1941 oleaster
701 1883 801 1941 eodem

139 1961 292 2034 Plurimus,
306 1966 336 2021 et
350 1962 435 2021 strati
447 1962 540 2020 baccis
554 1962 729 2020 silvestribus
743 1962 812 2040 agri

138 2043 181 2100 At
194 2063 257 2119 quae
271 2041 384 2120 pinguis
397 2041 510 2114 humus,
524 2041 654 2117 dulcique
666 2041 775 2119 uligine
787 2043 862 2112 1111,

140 2121 250 2199 Quique
262 2122 392 2199 frequens
405 2121 500 2180 herbis
514 2125 543 2180 et
556 2121 657 2180 fertilis
671 2122 756 2180 ubere
769 2142 894 2198 campus,

140 2201 259 2274 Qualem
272 2220 346 2278 saepe
359 2221 428 2260 cava
440 2201 546 2259 montis
560 2201 685 2260 convalle
699 2201 820 2260 solemus

139 2281 309 2358 Despicere:
329 2282 386 2340 huc
400 2281 517 2338 summis
530 2280 679 2358 liquuntur
692 2281 808 2358 rupibus
822 2300 927 2351 amnes,

140 2361 320 2438 Felicemque
333 2361 453 2419 trahunt
466 2360 583 2418 limum:
604 2361 708 2438 quique
721 2360 815 2419 editus
828 2365 934 2432 austro,

140 2441 182 2498 Et
197 2441 299 2499 filicem
313 2441 405 2499 1111111
418 2440 539 2498 invisam
549 2441 640 2517 pascit
654 2441 771 2513 1111111;

140 2521 200 2579 Η10
213 2521 267 2579 tibi
280 2520 446 2598 praevalidas
460 2520 528 2577 olim
541 2520 687 2597 multoque
700 2520 820 2578 fluentes

140 2601 266 2659 Sufficiet
280 2600 496 2671 Bacchovites3
517 2599 563 2658 hic
576 2600 678 2657 fertilis
690 2620 762 2670 11111,

123 2678 128 2690 ’
139 2680 199 2739 Hic
213 2680 314 2751 laticis,
328 2680 439 2757 qualem
450 2679 556 2756 pateris
569 2679 689 2737 libamus
703 2684 733 2737 et
746 2699 823 2750 aure,

140 2760 259 2818 Inflavit
273 2780 361 2836 quum
373 2759 487 2837 pinguis
501 2760 570 2817 ebur
583 2759 748 2836 Tyrrhenus
762 2760 798 2817 ad
811 2779 882 2830 1111,

141 2840 283 2898 Laneibus
297 2842 327 2898 ct
339 2840 439 2917 pandis
453 2839 593 2897 fumantia
606 2839 748 2897 reddimus
762 2841 836 2896 exta.

141 2919 192 2978 Sin
206 2923 334 2978 armenta
347 2919 437 2997 magis
451 2919 580 2977 studium
591 2919 752 2996 nitidosque
765 2918 849 2990 tueri,

141 3001 204 3058 Aut
216 3000 292 3058 fetus
306 2999 410 3071 ovium,
425 3002 475 3057 aut
488 3001 602 3057 urentes
616 2999 694 3057 culta
707 2997 843 3075 capellas:

143 3079 248 3150 Saltus,
262 3082 291 3137 et
305 3079 395 3137 saturi
407 3079 499 3155 petito
513 3078 670 3156 longinqua
683 3077 810 3148 Tarenti,

142 3159 185 3217 Et
199 3159 310 3237 qualem
323 3158 422 3216 infelix
435 3158 530 3217 amisit
544 3158 668 3216 Mantua
681 3177 821 3233 campum,

143 3240 311 3298 Pascentem
325 3238 421 3296 niveos
435 3238 555 3296 herboso
568 3238 685 3296 flumine
699 3257 812 3314 cycnos.

142 3318 211 3378 Non
224 3318 324 3396 liquidi
337 3317 471 3395 gregibus
483 3318 586 3389 fontes,
599 3338 658 3375 non
671 3316 800 3394 gramina
813 3316 951 3386 1111111111;

142 3400 184 3457 Et
171 3402 347 3477 t,quantum
360 3397 452 3474 longis
467 3401 582 3475 carpent
596 3400 725 3455 armenta
738 3396 845 3469 diebus,

143 3446 258 3556 Exigua
270 3481 386 3536 tantum
399 3477 508 3570 gelidus
522 3496 568 3535 ros
581 3480 665 3535 nocte
677 3478 805 3553 reponet

142 3559 237 3637 Nigra
249 3559 349 3617 feret
319 3578 334 3616 e
362 3577 457 3635 presso
470 3556 586 3634 pinguis
600 3559 653 3616 sub
666 3575 779 3614 vomere
792 3558 877 3625 terra,

142 3638 185 3696 Et
199 3659 244 3696 cur
235 3639 340 3716 putre
354 3638 453 3708 solum,
467 3654 589 3714 namque
602 3637 657 3695 hoc
670 3636 817 3693 imitamur
830 3635 944 3706 arande,

144 3718 261 3795 Optima
273 3717 439 3776 frumentis:
460 3736 518 3775 non
531 3716 589 3774 ullo
603 3737 637 3775 ex
652 3735 763 3793 aequore
777 3734 872 3773 cernes

144 3797 232 3856 Plura
245 3799 361 3856 domum
374 3797 462 3856 tardis
476 3796 608 3855 decedere
621 3795 768 3873 plaustra
755 3794 902 3873 juvencis:

144 3877 206 3935 Aut
220 3878 294 3937 unde
306 3878 397 3936 iratus
410 3878 511 3936 silvam
524 3875 638 3935 devexit
651 3879 754 3945 arator,

143 3956 185 4014 Et
197 3977 313 4016 nemora
325 3957 429 4017 evertit
441 3956 570 4017 multos
562 3976 667 4034 ignava
678 3975 729 4033 per
742 3973 839 4026 annos,
