2446 4260
136 216 197 275 312
444 226 625 268 numerum
638 225 782 269 1111101111

175 371 307 430 Victores
320 369 417 447 praeda
430 369 537 427 Rutuli
550 368 702 446 spoliisque
714 369 811 447 potiti,

138 451 321 510 Volscentem
336 449 498 508 exanimum
511 449 611 507 fientes
625 449 656 506 in
669 452 762 507 castra
774 450 913 509 ferebant.

138 532 202 590 Nec
215 530 308 588 minor
320 529 351 587 in
365 529 465 587 castris
478 529 581 601 luctus,
596 528 760 587 Rhamnete
774 533 887 607 reperto

138 609 296 688 Exsangui‚
310 612 340 668 et
352 608 451 686 primis
465 629 522 667 una
535 613 582 668 tot
596 609 673 667 caede
686 609 830 686 peremtis,

140 690 315 766 Serranoque
329 689 492 765 Numaque·
532 687 640 765 Ingens
654 708 806 747 concursus
820 690 857 747 ad
869 690 933 767 ipsa

140 769 272 846 Corpora,
286 767 493 844 seminecesque
506 768 590 839 viros,
604 768 754 846 tepidaque
766 773 910 828 recentem

140 848 227 907 caede
239 847 342 919 locum,
356 848 386 904 et
398 847 496 923 plenos
509 848 656 924 spumanti
668 849 804 925 sanguine
817 849 903 908 rivos.

140 929 310 1005 Agnoscunt
324 926 414 1003 spolia
426 926 502 984 inter
515 947 553 998 se,
567 927 733 1004 galeamque
746 929 889 988 nitentem

141 1006 276 1084 Messapi,
289 1008 319 1064 et
332 1005 425 1063 multo
438 1006 566 1083 phaleras
580 1007 681 1065 sudore
695 1011 829 1085 receptas.

179 1087 222 1144 Et
230 1086 292 1164 jam
305 1085 397 1162 prima
408 1106 483 1144 novo
497 1087 648 1163 spargebat
660 1087 768 1146 lumine
780 1091 872 1147 terras

140 1165 261 1224 Tithoni
274 1184 403 1224 croceum
415 1165 546 1242 linquens
559 1166 672 1224 Aurora
684 1167 793 1227 cubile:

138 1245 209 1303 Jam
221 1245 279 1303 sole
291 1244 394 1317 infuso,
403 1245 465 1322 jam
478 1247 562 1305 rebus
575 1245 637 1304 luce
650 1247 775 1318 retectis,

139 1325 252 1382 Turnus
265 1324 297 1382 in
310 1344 389 1382 arma
401 1325 485 1397 viros,
500 1325 585 1384 armis
599 1326 790 1384 circumdatus
803 1325 872 1404 ipso,

139 1404 283 1476 Suscitat3
302 1407 458 1480 aeratasque
472 1406 545 1464 acies
557 1406 588 1463 in
600 1406 707 1482 proelia
720 1407 799 1484 cogit

140 1484 265 1560 Quisque
278 1504 351 1555 suas,
364 1485 504 1562 variisque
518 1488 624 1543 acuunt
638 1486 798 1544 rumoribus
810 1485 875 1545 iras.

140 1563 216 1636 Quin
228 1563 290 1641 ipsa
303 1564 427 1636 arrectis,
440 1565 504 1622 visu
517 1565 684 1636 miserabile,
697 1566 728 1623 in
741 1566 832 1624 hastis

139 1643 300 1722 Praefigrmt
313 1643 415 1720 capita,
429 1647 459 1702 et
472 1645 565 1703 multo
578 1645 701 1704 clamore
714 1649 882 1724 sequuntur,

140 1724 261 1802 Euryali
274 1727 304 1782 et
316 1723 392 1782 Nisi.

140 1803 275 1862 lEneadae
288 1804 352 1861 duri
364 1823 512 1862 murorum
524 1803 556 1861 in
569 1806 650 1880 parte
664 1805 779 1863 sinistra

140 1884 303 1960 Opposuere
315 1883 413 1955 aciem,
426 1904 493 1941 nam
507 1884 622 1942 dextera
635 1884 760 1962 cingitur
773 1885 859 1957 amni,

140 1964 333 2041 Ingentesque
346 1966 447 2021 tenent
460 1964 557 2034 fossas,
571 1967 601 2021 et
614 1965 741 2023 turribus
754 1965 820 2023 altis

140 2043 227 2101 Stant
240 2042 350 2101 maesti:
371 2042 456 2100 simul
470 2063 519 2101 ora
531 2043 625 2100 virum
638 2045 755 2120 praefixa
768 2044 931 2116 movebant,

140 2123 221 2182 Nota
233 2123 318 2180 nimis
331 2122 448 2194 miseris
463 2126 581 2199 atroque
593 2123 712 2182 fluentia
724 2125 802 2183 tabo.

180 2203 296 2261 Interea
308 2203 440 2279 pavidam
454 2203 576 2259 volitans
590 2207 714 2278 pennata
726 2225 776 2281 per
789 2205 888 2263 urbem
984 2266 992 2281 ,

140 2282 254 2340 Nuncia
269 2282 360 2339 Eama
372 2281 440 2352 ruit,
453 2282 609 2358 matrisque
622 2283 755 2341 allabitur
769 2304 849 2342 aures

140 2361 268 2439 Euryali.
308 2362 351 2418 At
365 2361 476 2418 subitus
489 2361 598 2419 miserae
612 2363 687 2421 calor
701 2384 764 2422 ossa
776 2363 907 2441 reliquit:

140 2442 261 2498 Excussi
274 2441 404 2499 manibus
417 2441 497 2511 radii,
511 2443 694 2519 revolutaque
706 2464 803 2520 pensa.

140 2521 245 2579 Evolat
259 2521 364 2593 infelix,
379 2524 408 2578 et
422 2520 543 2578 femineo
556 2522 677 2594 ululatu,

139 2601 231 2659 Scissa
244 2621 362 2673 comam,
376 2621 472 2658 muros
486 2622 582 2659 amens
596 2606 682 2679 atque
696 2602 810 2679 agmina
823 2622 907 2660 cursu

140 2680 238 2738 Prima
250 2681 341 2758 petit:
362 2702 420 2740 non
433 2682 482 2739 illa
494 2682 596 2754 virum,
610 2703 668 2740 non
682 2683 731 2740 illa
743 2682 850 2759 pericli,

139 2761 328 2837 Telorumque
341 2781 466 2836 memor:
487 2763 590 2820 coelum
604 2763 705 2820 dehinc
719 2763 866 2839 questibus
879 2760 998 2836 implet:

139 2840 253 2898 “Hunc
267 2861 320 2917 ego
333 2844 372 2911 11,
386 2841 519 2918 Euryale,
534 2841 662 2919 aspicio?
682 2845 752 2900 tune
766 2842 815 2899 illa
828 2843 948 2899 senectae

139 2919 207 2976 Sera
219 2940 289 2977 meae
302 2920 420 2997 requies,
433 2922 554 2997 potuisti
566 2922 692 2996 linquere
706 2922 803 2993 solam,

140 2998 292 3058 Crudelis?
313 3020 364 3058 nee
378 3002 416 3072 11,
430 3002 483 3059 sub
496 3004 579 3058 tanta
592 3002 715 3078 pericula
727 3002 854 3073 missum,

139 3079 230 3136 Affari
244 3082 402 3136 extremum
415 3081 523 3138 miserae
537 3082 604 3138 data
617 3081 697 3158 eopia
710 3080 821 3139 matri?

140 3159 217 3228 Heu,
231 3162 307 3216 terra
320 3158 420 3235 ignota
433 3160 548 3218 canibus
562 3160 628 3218 date
641 3161 736 3237 praeda
750 3160 862 3218 Latinis

139 3238 321 3315 Alitibusque
330 3239 423 3316 jaces!
444 3260 495 3298 nec
509 3244 539 3298 te
553 3244 604 3298 tua
617 3241 717 3299 funera
729 3243 823 3298 mater

140 3318 275 3389 Produxi,
290 3319 412 3395 pressive
426 3320 529 3391 oeulos,
544 3324 594 3377 aut
607 3321 725 3378 vulnera
736 3321 802 3391 lavi,

138 3397 227 3456 Veste
240 3402 358 3475 tegens;
378 3398 433 3456 tibi
446 3420 530 3475 quam
544 3403 642 3458 noctes
656 3400 761 3458 festina
774 3401 889 3476 diesque

140 3477 295 3554 Urgebam,
310 3481 339 3536 et
352 3478 411 3535 tela
424 3499 503 3536 curas
518 3481 627 3537 solabar
641 3481 737 3538 aniles.

139 3558 202 3629 Quo
216 3557 338 3633 sequar?
359 3561 409 3615 aut
423 3578 485 3635 quae
497 3580 573 3617 nunc
587 3563 674 3630 artus
688 3560 839 3636 avulsaque
852 3558 989 3628 membra,

139 3638 181 3694 Et
195 3638 279 3695 funus
293 3638 416 3696 lacerum
429 3639 513 3696 tellus
526 3639 637 3696 habet?
658 3640 713 3698 hoc
727 3640 799 3697 mihi
813 3640 847 3696 dc
860 3642 899 3708 11,

138 3717 225 3788 Nate,
239 3717 348 3776 refers?
369 3719 423 3776 hoc
437 3739 500 3776 sum
513 3721 643 3794 terraque
657 3720 783 3797 marique
798 3717 918 3776 secuta?

139 3796 236 3873 Figite
250 3818 303 3869 me,
318 3798 341 3854 si
356 3802 467 3873 quaest
481 3798 588 3875 pietas;
608 3798 638 3855 in
652 3818 698 3856 me
712 3800 808 3857 omnia
820 3799 879 3857 tela

136 3875 285 3959 Conjicite‚
300 3899 316 3938 0
331 3877 455 3953 Rutuli,
472 3898 521 3937 me
531 3879 657 3958 primam
666 3879 808 3935 absumite
820 3880 912 3948 lerr03

124 3961 193 4022 Aut
207 3965 251 4039 tu,
266 3982 376 4044 magne
388 3964 474 4042 pater
488 3959 603 4032 divum,
611 3957 876 4025 miseramque
