2446 4260
468 220 610 265 mmos
624 221 686 264 m.
701 222 729 263 Χ.

127 365 209 425 Tolle
219 365 342 424 minas.''
383 364 475 423 Fatus
488 364 614 423 medium
626 364 754 442 procedit
765 364 797 423 in
809 385 914 442 aequor.

126 445 262 524 Frigidus
274 445 433 504 Arcadibus
446 444 505 503 coit
516 444 548 502 in
560 444 712 522 praecordia
725 445 849 522 sanguis.

125 525 253 584 Desiluit
266 525 380 584 liunus
393 524 514 602 bijugis3
534 525 618 601 pedes
631 528 749 602 apparat
762 524 803 584 ire

125 604 273 664 Cominus,
313 605 412 681 thue
423 605 477 676 leo,
491 604 604 680 specula
617 605 705 680 quum
718 604 792 664 vidit
805 606 841 665 ab
854 606 914 666 alta

126 685 209 744 Stare
222 685 320 762 procul
334 685 440 761 campis
453 684 641 742 meditantem
654 683 685 741 in
697 685 797 761 proelia
808 688 933 761 taurmn,

127 765 269 837 Advolat3
289 765 367 823 haud
379 764 434 823 alia
445 766 490 822 est
504 763 595 821 Turni
607 763 748 822 venientis
760 764 865 843 imago.

128 844 216 904 Hunc
229 845 279 904 ubi
292 845 462 922 contiguum
474 843 570 901 missae
583 844 642 902 fore
656 844 775 903 credidit
788 844 888 920 hastae,

128 923 176 983 [re
189 925 266 1003 prior
279 924 383 996 Pallas,
397 924 421 982 si
434 943 490 1000 qua
502 924 560 982 fors
574 922 689 1001 adjuvet
702 944 803 982 ausum

129 1004 242 1063 Viribus
255 1004 418 1081 imparibus,
431 1022 623 1080 magnumque
635 1003 678 1061 ita
691 1004 728 1061 ad
740 1004 848 1064 aethera
859 1006 952 1066 satur:

130 1087 144 1117 ¹‘
153 1083 211 1142 Per
223 1084 314 1162 patris
326 1083 494 1161 hospitium,
507 1086 537 1141 et
550 1103 661 1140 mensas
675 1103 744 1158 quas
758 1084 866 1144 advena
878 1087 972 1161 adisti,

131 1164 169 1223 Pe
181 1184 288 1241 precor,
301 1163 410 1235 Alcide,
421 1163 521 1240 coeptis
534 1162 699 1239 ingentibus
713 1163 796 1222 adsis.

132 1243 234 1302 'demat
247 1243 380 1302 semineci
393 1242 447 1301 sibi
460 1262 506 1300 me
518 1262 615 1319 rapere
629 1262 707 1300 arma
720 1248 846 1316 cruenta,

133 1323 329 1401 Victoremque
342 1324 435 1381 ferant
448 1322 600 1381 morientia
611 1322 719 1380 lumina
733 1323 853 1382 Turni.''

135 1403 230 1462 Audiit
244 1403 358 1462 Alcides
366 1403 511 1481 juvenem,
524 1421 717 1479 magnumque
730 1403 783 1460 sub
795 1402 854 1462 imo

135 1482 219 1542 lorde
231 1483 336 1560 premit
348 1482 497 1561 gemitum,
510 1481 694 1558 lacrimasque
707 1482 807 1541 effudit
819 1484 924 1542 inanes.

136 1563 205 1621 l'um
218 1563 339 1621 Genitor
352 1565 454 1620 natum
468 1561 551 1620 dictis
566 1562 669 1620 affatur
683 1561 796 1621 amicis:

137 1643 222 1701 ‘Stat
236 1663 287 1701 sua
299 1642 400 1719 cuique
413 1641 490 1712 dies;
509 1641 594 1699 breve
607 1644 637 1699 et
650 1641 828 1718 irreparabile
841 1645 954 1721 tempus

138 1722 268 1781 >mnibus
282 1724 326 1780 est
338 1722 425 1780 vitae:
446 1721 496 1779 sed
508 1721 614 1778 samam
627 1722 776 1781 extendere
789 1722 882 1796 factis,

139 1803 195 1861 doe
207 1802 325 1860 virtutis
338 1821 418 1878 opus.
459 1801 552 1878 Trojae
567 1801 620 1858 sub
633 1802 775 1860 moenibus
788 1803 854 1861 altis

139 1883 185 1941 lot
197 1882 260 1940 nati
273 1881 395 1940 cecidere
408 1880 510 1952 deum;
530 1880 598 1958 quin
612 1881 715 1940 oceidit
727 1902 785 1939 una

140 1961 875 2117 11111111111111111111

142 2121 174 2180 lic
188 2121 237 2192 ait,
251 2125 337 2198 atque
350 2120 445 2179 oculos
459 2120 635 2178 Rutulorum
648 2120 740 2197 rejicit
753 2122 837 2180 arvis.

142 2204 170 2259 11
184 2201 278 2259 Pallas
291 2200 403 2278 magnis
416 2199 526 2258 emittit
538 2199 646 2258 viribus
659 2199 781 2273 hastam,

143 2281 309 2358 Vaginaque
322 2300 391 2339 cava
402 2280 561 2357 fulgentem
575 2279 679 2357 deripit
692 2279 810 2357 ensem]

144 2361 183 2419 lla
195 2361 302 2432 volans,
315 2359 441 2418 humeris
455 2363 578 2436 surgunt
591 2380 647 2436 qua
659 2360 788 2437 tegmina
801 2381 920 2432 summa,

144 2440 244 2512 neidit,
258 2444 343 2517 atque
356 2439 433 2496 viam
447 2439 529 2516 clipei
542 2439 643 2497 molita
655 2459 706 2515 per
719 2460 790 2511 oras,

146 2520 256 2578 landem
269 2521 357 2578 etiam
370 2538 475 2596 magno
489 2519 606 2577 strinxit
619 2520 654 2576 de
668 2539 783 2596 corpore
796 2520 895 2578 Turni.

147 2600 186 2658 [10
201 2600 315 2658 Turnus
327 2599 402 2657 ferro
414 2599 563 2675 praefixum
575 2599 662 2656 robur
675 2601 759 2656 acuto

148 2700 164 2737 n
178 2679 311 2738 Pallanta
323 2679 373 2737 diu
385 2678 492 2736 librans
501 2678 582 2756 jacit,
596 2680 681 2753 atque
694 2678 737 2735 ita
749 2678 843 2736 fatur:

152 2759 266 2836 Aspice,
278 2779 349 2817 num
362 2777 445 2835 mage
459 2758 498 2817 sit
510 2761 641 2816 nostrum
654 2758 827 2834 penetrabile
840 2755 961 2817 telum.”

149 2839 264 2911 linerat3
284 2842 315 2897 at
328 2838 459 2916 clipeum,
472 2841 519 2897 tot
532 2837 599 2896 ferri
611 2841 701 2914 terga,
714 2840 762 2896 tot
775 2838 838 2896 aeris

150 2936 222 2984 ,111111
236 2918 317 2995 pellis
329 2918 437 2977 totiens
451 2918 534 2976 obeat
547 2917 721 2976 circumdata
733 2917 818 2991 tauri,

150 2998 261 3056 'ibranti
273 2998 400 3057 medium
412 2998 505 3076 cuspis
519 2999 729 3056 transverberat
742 2998 812 3068 ictu,

152 3078 294 3155 oricoeque
307 3098 400 3136 moras
413 3081 444 3136 et
456 3082 556 3155 peetus
569 3078 693 3155 perforat
706 3077 817 3154 ingens,

152 3158 181 3216 le
194 3159 270 3236 rapit
284 3157 408 3216 calidum
421 3159 527 3216 frustra
539 3157 574 3216 de
587 3157 703 3216 vulnere
715 3157 823 3216 telum:

152 3237 194 3296 'na
207 3239 360 3314 eademque
372 3238 419 3296 via
432 3238 547 3314 sanguis
561 3237 727 3313 animusque
741 3239 908 3313 sequuntur.

153 3317 243 3376 orruit
256 3318 288 3375 in
299 3317 420 3389 vulnus3
441 3316 567 3375 sonitum
581 3337 664 3395 super
678 3337 756 3375 arma
769 3317 887 3389 dedere;
923 3312 928 3321 ’

154 3399 169 3455 1
182 3401 290 3456 terram
302 3397 437 3456 hostilem
450 3396 572 3454 moriens
585 3397 659 3473 petit
673 3417 720 3456 ore
734 3400 861 3456 cruento.

154 3497 220 3536 uem
234 3478 347 3535 Turnus
361 3496 444 3553 super
457 3475 611 3540 adsistens:

156 3557 287 3628 Arcades,
300 3556 389 3628 haec,”
404 3555 508 3633 inquit,
522 3559 684 3614 “memores
697 3575 762 3614 mea
774 3555 853 3614 dicta
865 3554 967 3611 referte

156 3638 278 3695 vandro:
301 3637 421 3709 Qualem
433 3635 546 3707 meruit,
561 3635 692 3694 Pallanta
704 3635 832 3694 remitto.

157 3717 260 3794 uisquis
274 3718 365 3775 honos
377 3716 491 3788 tumuli,
505 3715 642 3792 quidquid
655 3715 780 3774 solamen
793 3712 931 3772 humandi
944 3714 997 3783 cst,

158 3797 256 3874 argior.
297 3797 387 3855 Haud
399 3796 442 3853 illi
455 3797 573 3854 stabunt
586 3795 689 3853 AEneia
701 3814 788 3872 parvo

158 3876 294 3952 'ospitia’'
334 3877 378 3934 Et
389 3877 462 3935 laevo
473 3875 579 3954 pressit
591 3875 664 3955 pede
676 3875 750 3935 talia
760 3874 842 3934 latus

150 3954 297 4026 11111111,
311 3956 426 4032 rapiens
438 3956 581 4017 immania
593 3958 727 4038 pondera
736 3956 848 4032 baltei,

586 4059 606 4101 z
