2370 4260
396 129 538 175 AENEIDOS
552 131 616 172 ΗΒ.
630 131 653 174 1.

112 272 171 345 Quale
181 296 276 334 manus
289 273 399 333 addunt
412 273 490 333 ebori
503 273 596 344 decus,
610 276 661 332 aut
674 272 724 333 ubi
737 272 810 331 flavo

108 354 236 433 Argentum
248 355 385 414 Pariusve
398 353 469 431 lapis
483 353 675 412 circumdatur
688 373 766 411 auro.

108 431 158 494 Tun
168 438 202 495 sio
214 435 342 514 reginam
355 434 517 511 alloquitur,
531 434 697 510 cunctisque
709 434 826 510 repente

107 510 249 592 Improvisus
263 515 320 574 ait:
342 519 358 545 “
369 514 481 585 (loram,
495 534 580 590 quem
593 513 731 590 quaeritis,
745 513 845 571 adsum

106 591 179 653 Troius
190 596 302 666 AEneas‚
315 594 441 672 Lyhycis
455 597 568 670 ereptus
581 594 617 651 ab
631 593 723 652 undis.
818 617 820 621 ¹

106 672 177 733 Osola
186 676 316 733 infandos
330 674 422 752 Trojae
435 672 569 731 miserata
582 672 700 743 labores,

104 751 151 824 llus
161 776 216 827 nos,
230 754 363 832 reliquias
376 753 519 824 Danaum,
533 755 671 829 terraeque
684 749 825 828 marisque

105 832 214 894 Omnibus
228 835 380 894 exhaustos
390 833 451 912 jam
465 832 584 903 casibus,
598 831 727 890 omnium
740 850 853 908 egenos,

104 910 166 987 Urbe,
178 916 270 986 domo,
283 913 388 972 socias!
409 916 505 991 grates
518 912 677 989 persolvere
690 911 790 988 dignas
903 948 906 954 ·

103 990 150 1052 llon
161 995 217 1072 opis
231 997 276 1053 est
289 995 406 1063 nostra,
420 982 506 1063 Dido,
519 1012 571 1050 nec
584 991 722 1069 quidquid
734 989 839 1067 ubique
853 991 898 1048 est

103 1071 179 1133 Gentis
192 1073 352 1144 Dardania,
365 1092 504 1150 magnum
517 1091 581 1149 quae
596 1091 692 1148 sparsa
704 1090 755 1147 per
768 1071 874 1129 orbem.

102 1149 190 1226 llifibi,
205 1154 230 1212 si
244 1173 300 1231 qua
312 1152 374 1229 pios
386 1155 548 1229 respectant
561 1150 687 1222 numina,
702 1150 726 1208 si
739 1149 809 1227 quid

102 1228 204 1310 Usquam
212 1233 330 1312 justitia
343 1235 387 1291 est
401 1235 431 1290 et
444 1252 524 1291 mens
537 1231 592 1290 sihi
604 1229 716 1289 conscia
728 1229 808 1301 recti,

102 1307 199 1372 Premia
212 1314 300 1391 digna
312 1312 414 1370 ferant.
455 1311 525 1383 Quae
538 1314 568 1370 te
581 1313 643 1368 tam
656 1311 724 1368 laeta
736 1310 866 1368 tulerunt

101 1387 205 1453 hena?
227 1393 277 1471 qui
290 1392 367 1450 tanti
379 1391 467 1450 talem
480 1410 602 1469 genuere
615 1387 770 1467 parentes?

101 1466 200 1531 Inheta
212 1473 283 1530 dum
296 1471 376 1529 fluvii
389 1475 511 1542 current,
526 1470 595 1528 dum
608 1469 754 1528 montibus
768 1468 877 1526 umbrae

99 1545 257 1611 lustrabunt
271 1571 402 1622 convexa,
416 1550 497 1628 polus
511 1550 580 1608 dum
593 1550 685 1608 sidera
696 1550 809 1626 pascet:

98 1625 192 1709 Semper
204 1633 297 1691 honos
310 1650 469 1708 nomenque
482 1633 574 1701 tuum,
588 1629 740 1706 laudesque
752 1626 918 1697 manebunt,

96 1706 153 1778 Qua
164 1732 209 1770 me
223 1731 343 1788 cumque
355 1713 460 1769 vocant
472 1709 587 1768 terrae.”
630 1709 676 1768 Sic
688 1710 774 1780 fatus,
788 1706 910 1766 amicum

90 1781 187 1850 Ilionea
198 1791 275 1869 petit
288 1791 396 1862 dextra,
409 1791 533 1866 laevaquc
547 1790 708 1860 Serestum3

88 1859 154 1928 Post
165 1872 241 1944 alios,
255 1872 414 1948 fortemque
427 1869 521 1948 Gyan,
534 1870 693 1946 fortemque
707 1867 890 1926 Cloanthum.

128 1950 277 2029 Obstupuit
290 1949 381 2027 primo
395 1952 512 2027 aspectu
526 1949 641 2007 Sidonia
654 1948 739 2019 Dido,

76 2020 159 2088 Casu
169 2031 269 2089 deinde
282 2030 336 2088 viri
349 2032 451 2102 tant03
471 2032 501 2088 et
515 2029 555 2087 sic
568 2049 615 2087 ore
628 2029 725 2086 locuta
738 2030 798 2086 est:

74 2103 100 2132 “
117 2108 178 2180 Quis
189 2114 229 2183 te,
243 2112 311 2168 nate
324 2109 384 2181 dea,
397 2130 447 2187 per
459 2112 543 2168 tanta
554 2109 678 2186 pericula
691 2128 771 2166 casus

66 2175 270 2268 Insequitur?
291 2210 353 2267 quae
365 2189 409 2248 vis
422 2189 593 2247 immanibus
607 2187 730 2265 applicat
744 2185 824 2246 orisi

66 2257 165 2328 Tune
175 2271 222 2328 illc
234 2270 349 2341 AEneas,
363 2290 447 2347 quem
461 2269 607 2327 Dardanio
621 2267 753 2326 Anchisae

60 2341 169 2408 Alma
179 2350 278 2408 Venus
291 2349 413 2427 Phrygii
426 2349 526 2426 genuit
540 2347 694 2406 Simoentis
708 2348 744 2404 ad
756 2343 886 2404 undam?

59 2421 179 2504 Atque
191 2429 322 2507 equidem
335 2429 477 2488 Teucrum
490 2428 606 2486 memini
620 2427 725 2487 Sidona
737 2427 842 2496 venire,

60 2496 202 2567 Finibus
216 2509 365 2586 expulsum
378 2508 487 2585 patriis,
501 2528 575 2566 nova
587 2526 675 2584 regna
688 2509 835 2583 petentem

60 2579 198 2647 Auxilio
211 2589 292 2647 Beli:
313 2588 426 2666 genitor
439 2590 503 2646 tum
518 2587 605 2645 Belus
619 2586 743 2663 opimam

60 2652 222 2727 Vastabat
236 2668 373 2747 Cyprum,
387 2672 417 2727 et
430 2668 522 2725 victor
536 2667 643 2724 ditione
657 2666 789 2724 tenebat:

65 2732 222 2824 Tempore
230 2749 293 2826 jam
306 2768 340 2806 ex
354 2747 403 2806 illo
417 2768 497 2805 casus
511 2747 584 2804 mihi
597 2745 729 2823 cognitus
742 2744 820 2802 urhis

68 2811 222 2902 Trojmae,
237 2847 396 2904 nomenque
409 2831 502 2897 tuum,
517 2846 651 2903 regesque
665 2825 787 2902 Pelasgi.

66 2889 155 2975 Illae
164 2909 253 2966 hostis
267 2907 390 2966 Teucros
404 2907 510 2983 insigni
522 2906 604 2964 laude
618 2905 734 2976 ferebat,

78 2972 176 3060 Stque
188 2992 284 3046 ortum
297 2987 415 3064 antiqua
428 2986 601 3044 Teucrorum
614 2987 650 3043 ab
664 2985 752 3061 stirpe
765 2982 886 3041 volebat.

81 3053 178 3126 Quare
190 3069 275 3146 agite,
289 3087 306 3125 0
319 3066 414 3137 tectis,
423 3065 550 3144 juvenes,
564 3065 704 3123 succedite
717 3063 830 3121 nostris.

83 3127 144 3196 ΜΘ
154 3168 260 3225 quoquc
274 3167 324 3224 per
337 3147 444 3203 multos
458 3146 558 3203 similis
572 3146 688 3203 fortuna
699 3144 808 3202 labores

83 3207 231 3286 Jactatam
244 3228 298 3284 hac
313 3226 429 3284 demum
441 3226 535 3284 voluit
549 3225 702 3283 consistere
715 3226 800 3281 terra.

86 3303 765 3460 s.lttlttlffllelttlffiltlltl'

85 3439 189 3539 Te0ta3
210 3467 297 3525 simul
310 3466 410 3523 divum
423 3466 537 3542 templis
550 3464 652 3521 indicit
665 3464 812 3521 honorem.

83 3516 151 3622 thc
162 3548 255 3604 minus
269 3546 378 3603 interea
391 3545 473 3603 sociis
486 3545 522 3602 ad
535 3545 620 3602 litora
632 3543 727 3600 mittit

81 3594 198 3696 Vl&inti
210 3630 317 3696 tauros,
331 3645 501 3702 magnorum
513 3624 659 3682 horrentia
672 3625 789 3680 centum

80 3673 178 3783 Terga
190 3727 283 3778 suum,
296 3705 416 3782 pingues
430 3708 546 3762 centum
559 3724 625 3762 cum
638 3701 778 3760 matribus
792 3716 891 3776 agnos¹

79 3751 209 3844 Mllnera
220 3786 408 3859 laetitiamque
420 3784 467 3842 dii.

69 3837 121 3904 4ss
133 3863 230 3918 domus
238 3861 360 3919 mtcrior
369 3864 461 3939 regali
473 3864 628 3942 splendida
641 3866 717 3928 luxu
