2446 4260
201 226 261 286 210
506 241 689 284 armornm
702 239 845 284 nauorrs

204 383 333 444 Pontum
346 384 530 463 aspectabant
542 385 659 443 flentes:
681 387 697 415 “
706 383 784 456 Heu,
797 386 845 443 tot
858 384 933 444 vada
944 385 1034 461 fessis,

204 464 247 523 Et
260 467 377 523 tantum
389 484 532 542 superesse
544 464 630 523 maris
639 463 666 522 !”
687 483 743 522 vox
757 465 888 524 omnibus
901 485 968 526 una.

205 543 316 603 Urbem
329 548 428 617 orant3
448 545 537 604 taedet
548 543 643 622 pelagi
655 543 777 621 perferre
789 544 925 605 laborem.

205 623 286 703 Ergo
299 624 375 683 inter
388 624 494 683 medias
508 644 568 683 sese
580 624 657 682 haud
670 624 771 702 ignara
782 624 904 684 nocendi

206 703 339 782 Oonjicit,
353 707 383 763 et
395 705 550 781 faciemque
564 705 623 762 deae
635 708 801 782 vestemque
813 705 943 782 reponit:

206 783 258 842 Fit
272 784 374 856 Bero‘e,
388 783 496 842 Tmarii
509 783 612 861 conjux
623 785 753 862 longaeva
766 784 893 862 Dorycli,

207 861 262 922 Oui
274 883 364 941 genus
377 868 407 923 et
421 864 564 941 quondam
576 883 681 922 nomen
692 864 809 941 natique
822 864 963 938 fuissent3

206 943 251 1001 Ao
265 942 304 1001 sic
318 943 514 1003 Dardanidum
527 944 651 1002 mediam
663 964 693 1002 se
706 943 846 1003 matribus
858 943 962 1003 infert:

207 1021 261 1080 “O
275 1022 395 1095 miserae,
409 1044 478 1101 quas
490 1044 549 1083 non
561 1023 692 1095 manus,'’
707 1023 811 1101 inquit,
824 1023 976 1083 “Achaica
987 1022 1060 1090 bello

207 1101 338 1161 Traxerit
351 1103 492 1162 adlatum
504 1103 603 1180 patriae
616 1104 670 1162 sub
682 1102 839 1163 moenibus!
861 1123 878 1163 o
891 1123 963 1182 gens

206 1180 328 1241 Infelix!
349 1182 395 1241 cui
408 1187 438 1241 te
452 1183 538 1242 exitio
551 1184 668 1242 fortuna
679 1181 828 1242 reservati

208 1260 337 1338 Septima
348 1265 415 1339 post
428 1263 520 1340 Trojae
533 1263 674 1322 excidium
683 1263 744 1341 jam
756 1262 880 1321 vertitur
892 1264 986 1335 aestas,

209 1341 306 1413 Quum
318 1342 399 1415 heta,
413 1363 502 1420 quum
515 1346 605 1402 terras
619 1362 726 1415 omnes,
739 1345 787 1401 tot
799 1342 946 1418 inhospita
959 1362 1026 1402 saxa

208 1420 360 1498 Sideraque
374 1442 494 1481 emensae
507 1422 641 1494 ferimur3
662 1422 795 1499 damper
808 1441 885 1480 mure
897 1441 1033 1500 magnum

207 1499 325 1559 Italiam
338 1502 481 1578 sequimur
493 1502 660 1580 fugientem,
674 1505 704 1561 et
716 1501 859 1560 volvimur
871 1501 965 1560 undis.

207 1579 268 1638 Hic
282 1581 384 1659 Erycis
397 1582 467 1640 fines
480 1582 608 1654 fraterni,
621 1585 707 1658 atque
719 1582 822 1659 hospes
835 1582 972 1640 Acestes:

208 1659 286 1732 Quid
297 1661 430 1737 prohibet
443 1682 538 1720 muros
548 1662 651 1739 jacere,
666 1664 696 1721 et
709 1662 775 1720 dare
789 1660 897 1719 civibus
910 1659 1034 1721 urbem?

208 1739 235 1797 Ο
248 1740 349 1817 patria,
362 1745 392 1800 et
405 1742 481 1818 rapti
493 1741 684 1819 nequidquam
698 1761 731 1800 ex
745 1741 828 1799 hoste
841 1743 969 1817 penates,

208 1819 333 1878 Nullane
342 1820 404 1898 jam
417 1821 509 1899 Trojae
522 1821 652 1880 dicentur
664 1819 793 1880 moenia?
813 1840 955 1898 nusquam

208 1898 369 1959 Hectoreos
382 1920 487 1973 amnes,
501 1901 653 1960 Xanthum
666 1903 696 1960 et
709 1900 865 1972 Simoenta,
879 1898 1007 1962 videbo?

208 1978 286 2051 Quin
299 1980 384 2056 agite,
398 1983 428 2038 et
442 2001 553 2039 mecum
565 1981 703 2040 infaustas
717 1980 825 2039 exurite
838 1999 956 2056 puppes.

208 2058 288 2116 Nam
301 2059 373 2117 mihi
387 2059 552 2118 Cassandrae
564 2080 616 2138 per
629 2080 763 2119 somnum
775 2059 850 2118 vatis
862 2059 959 2138 imago

210 2138 353 2197 Ardentes
366 2140 432 2198 dare
444 2140 506 2198 visa
519 2141 601 2199 faces.
642 2140 701 2199 Hic
714 2138 831 2216 quaerite
845 2139 978 2216 Trojam3

209 2216 270 2276 Hic
283 2219 384 2277 domus
398 2223 450 2292 est,
464 2219 567 2298 inquit,
579 2220 669 2278 vobis.
709 2219 731 2276 J
731 2239 779 2277 am
791 2222 905 2295 tempus
918 2219 966 2298 agi
978 2239 1039 2292 res3

209 2297 273 2356 Nec
286 2298 377 2356 tantis
390 2320 470 2358 mora
482 2299 627 2377 prodigiis.
667 2299 715 2356 En
729 2301 851 2375 quatuor
864 2318 920 2356 arae

208 2376 357 2454 Neptuno.
398 2379 476 2437 Deus
490 2379 549 2456 ipse
562 2381 636 2438 faces
650 2379 830 2454 animumque
844 2377 1021 2437 ministrat.'’

210 2456 283 2516 Haec
296 2477 464 2532 memorans,
478 2458 570 2536 prima
582 2459 725 2517 infensum
737 2458 767 2516 vi
780 2457 896 2534 corripit
908 2458 1015 2536 ignem,

211 2535 384 2614 sublataque
397 2539 496 2616 procul
509 2540 609 2597 dextra
620 2538 741 2598 connixa
754 2541 891 2609 coruscat,

210 2615 254 2673 Et
263 2616 344 2693 jacit.
383 2620 509 2678 Arreotae
523 2622 642 2690 mentae,
656 2618 869 2695 stupefactaque
882 2616 968 2675 corda

210 2694 345 2755 Iliadum.
385 2698 445 2757 Hic
458 2719 515 2757 una
528 2719 543 2757 e
556 2699 664 2770 multis,
678 2717 743 2775 quac
757 2697 882 2788 maxima
894 2699 975 2771 natu,

211 2774 947 2931 leel’fellet‚nllllectetltssxmu

210 2934 268 2993 Est
282 2935 400 3015 Dorycli
413 2937 523 3015 conjux.
564 2937 664 2996 Divini
677 2937 759 3014 signa
771 2935 888 3006 decoris,

210 3014 408 3094 Ardentesque
421 3021 520 3077 notate
534 3018 647 3089 oculos;
667 3017 716 3094 qui
729 3015 846 3094 spiritus
858 3014 911 3088 illi,

211 3093 269 3166 Qui
281 3096 387 3169 vultus,
400 3097 512 3156 vocisve
525 3119 619 3168 sonus,
632 3097 679 3154 vel
692 3115 805 3174 gressus
818 3094 909 3154 eunti.

211 3173 280 3250 Ipsa
292 3180 406 3253 egomet
419 3177 527 3235 dudum
541 3178 654 3236 Beroen
668 3176 794 3254 digressa
805 3174 908 3250 reliqui

211 3253 339 3332 AEgram,
353 3257 559 3334 indignantem,
572 3257 624 3316 tali
637 3257 714 3333 quod
726 3255 786 3313 sola
798 3259 906 3313 careret

211 3333 340 3406 Munere,
354 3356 406 3394 nec
419 3337 535 3396 meritos
549 3337 682 3396 Anchisae
694 3336 811 3394 mferret
824 3332 976 3393 honores.”

209 3413 282 3473 Haec
296 3415 389 3474 effata.

210 3495 254 3551 At
266 3499 372 3554 matres
384 3494 477 3572 primo
490 3496 627 3573 ancipites
641 3495 785 3572 oculisque
797 3493 931 3571 malignis

211 3574 362 3652 Ambiguae
376 3578 502 3653 spectare
514 3580 598 3648 rates,
611 3577 747 3635 miserum
759 3575 836 3632 inter
849 3592 976 3633 amorem

212 3654 368 3713 Praesentis
381 3657 472 3727 terrae,
485 3655 607 3732 fatisque
619 3655 753 3715 vocantia
765 3673 869 3731 regna:

213 3735 309 3806 Quum
323 3736 374 3793 dea
387 3755 416 3794 se
429 3734 543 3812 paribus
556 3756 607 3813 per
620 3736 723 3794 coelum
737 3732 855 3793 sustulit
868 3731 929 3805 alis,

211 3813 421 3894 lugentemque
434 3816 503 3894 firga
515 3815 606 3874 secuit
620 3816 673 3874 sub
685 3814 810 3873 nubibus
823 3833 930 3872 arcum.

210 3894 291 3956 Tum
303 3915 373 3957 vero
387 3895 522 3957 attonita
533 3895 672 3954 monstris
683 3897 811 3968 actaque
819 3893 914 3950 tumre

208 3977 423 4056 Conclamant,
432 3967 613 4062 rapiuntque
622 3973 697 4033 locis
706 3968 1020 4047 penetralibus'vgnssn
