2446 4260
129 127 187 185 154
431 142 459 184 1.
473 140 769 184 1110111111101111

129 282 304 342 Instruimus
317 303 437 356 mensas,
451 283 561 361 arisque
574 283 735 361 reponimus
748 284 864 362 ignem:

129 363 258 423 Rursum
270 384 305 423 ex
318 364 428 423 diverso
442 364 505 422 coeli
518 363 656 441 caecisque
668 363 785 423 latebris

130 443 227 502 Turba
240 464 342 502 sonans
354 443 479 522 praedam
492 443 610 521 pedibus
624 443 810 503 circumvolat
823 446 914 519 uncis,

130 523 240 582 Polluit
253 543 301 583 ore
314 522 407 601 depes.
448 523 536 582 Sociis
549 526 629 594 tunc,
642 543 721 582 arma
734 529 891 602 capessant,

130 603 229 674 Edico,
243 606 273 661 et
286 603 347 662 dira
359 602 467 662 bellum
480 623 546 662 cum
558 605 644 681 gente
657 605 829 681 gerendum:

130 683 220 741 Haud
233 703 312 742 secus
325 703 358 742 ac
366 683 440 761 jussi
452 683 570 754 fuciunt,
582 686 730 760 tectosque
743 703 794 760 per
806 684 925 744 herbam

130 763 296 840 Disponunt
309 782 397 835 enses,
411 766 441 822 et
454 765 536 822 scuta
547 762 668 821 latentia
680 763 817 822 condunt.

130 843 219 920 Ergo,
232 842 283 900 ubi
294 842 415 919 delapsae
429 843 556 901 sonitum
603 862 618 899 r
631 862 717 901 curva
728 843 830 903 dedere

131 922 240 994 Iaitora,
253 923 304 981 dat
317 923 432 1000 signum
444 922 557 999 specula
567 862 699 981 ffiisenus
713 923 749 981 ab
761 923 821 982 alta

132 1001 201 1060 AEre
213 1022 291 1060 0110.
332 1001 479 1060 Invadunt
491 1001 568 1072 socii,
582 1005 612 1060 et
625 1022 699 1061 11011
711 1003 811 1078 proelia
822 1006 948 1076 tentant,

132 1082 274 1140 Obscenos
286 1081 380 1160 pelagi
393 1082 466 1140 ferro
479 1081 584 1140 foedare
597 1081 733 1140 volucres.

133 1161 189 1220 Sed
200 1181 291 1239 neque
303 1162 363 1219 vim
376 1161 480 1238 plumis
494 1161 590 1232 ullam,
604 1181 655 1219 nec
668 1161 786 1220 vulnere
797 1165 881 1240 tergo

131 1240 302 1319 Accipiunt;
322 1241 459 1319 celerique
471 1241 541 1319 fuga
554 1242 607 1299 sub
620 1241 711 1299 sidera
722 1241 808 1318 lapsae

133 1321 276 1379 Semesam
288 1322 412 1399 praedam
425 1324 455 1380 et
468 1321 591 1398 vestigia
604 1321 679 1379 foeda
691 1321 865 1398 relinquunt.

132 1400 200 1458 Una
210 1400 242 1458 in
255 1401 387 1478 praecelsa
399 1401 528 1460 concedit
540 1421 610 1478 rupo
624 1400 744 1473 Oelaeno,

133 1479 238 1538 Infelix
250 1484 339 1552 vates,
352 1481 516 1558 rumpitque
529 1481 603 1539 hanc
616 1484 729 1557 pectore
742 1500 859 1539 vocem:

133 1559 264 1618 ‘Bellum
277 1561 363 1619 etiam
377 1581 428 1638 pro
442 1561 517 1618 caede
530 1561 617 1618 boum
631 1560 784 1637 stratisque
793 1561 933 1638 juvencis,

133 1639 390 1711 Laomedontiadae,
403 1640 546 1697 bellumne
558 1640 661 1698 inferre
674 1640 788 1717 paratis,

133 1719 176 1777 Et
189 1720 281 1796 patrio
295 1719 440 1797 Harpyias
452 1719 579 1778 insontes
592 1719 696 1796 pellere
709 1718 821 1797 regno?

132 1799 263 1876 Accipite
276 1819 343 1876 ergo
357 1799 458 1857 animis
472 1803 557 1877 atque
569 1799 630 1858 haec
644 1820 707 1857 mea
719 1800 800 1876 figite
813 1799 907 1858 dicta:

134 1878 204 1950 Quae
217 1878 327 1938 Phoebo
341 1882 422 1957 pater
435 1879 622 1956 omnipotens,
636 1879 708 1937 mihi
722 1879 848 1938 Phoebus
862 1880 966 1958 Apollo

134 1957 271 2016 Praedixit
284 1959 364 2018 vobis
378 1959 530 2016 Furiarum
544 1979 597 2036 ego
610 1959 733 2016 maxima
745 1960 848 2036 pando,

134 2037 251 2096 Italiam
264 2059 347 2097 cursu
360 2039 475 2116 petitis;
494 2038 644 2116 ventisque
657 2038 764 2097 vocatis

134 2117 220 2176 Ibitis
234 2118 358 2190 Italiam,
372 2121 527 2195 portusque
540 2118 647 2176 intrare
659 2118 765 2176 licebit.

133 2197 191 2256 Sed
203 2219 260 2256 non
274 2203 341 2256 ante
354 2199 452 2256 datam
465 2198 585 2274 cingetis
599 2198 739 2256 moenibus
753 2198 862 2268 urbem,

134 2277 227 2349 Quam
240 2298 290 2336 vos
304 2278 365 2335 dira
377 2278 465 2336 fames
478 2281 638 2354 nostraeque
650 2277 754 2354 injuria
766 2278 849 2335 credis

133 2358 272 2416 Ambesas
285 2358 399 2435 subigat
412 2358 494 2415 malis
508 2357 653 2415 absumere
666 2357 795 2415 mensas?

174 2437 299 2509 “Dixit3
320 2441 349 2495 et
363 2438 393 2494 in
407 2437 508 2495 silvam
521 2437 620 2513 pennis
635 2437 733 2494 ablata·
742 2437 857 2514 refugit.

135 2517 177 2574 At
190 2517 272 2575 sociis
286 2518 381 2575 subita
393 2517 503 2595 gelidus
517 2516 666 2574 formidine
680 2517 795 2593 sanguis

134 2596 288 2674 Deriguit3
308 2597 430 2656 cecidere
444 2596 547 2655 animi:
568 2617 619 2654 nee
628 2596 690 2673 jam
704 2596 825 2672 amplius
839 2596 933 2668 armis,

135 2676 191 2734 Sed
204 2677 278 2734 votis
292 2677 475 2754 precibusque
485 2677 588 2754 jubent
602 2696 749 2753 exposcere
762 2695 869 2752 pacem,

135 2756 201 2815 Sive
215 2757 282 2828 deae,
296 2777 345 2814 seu
358 2757 417 2815 sint
431 2757 498 2814 dirae
512 2757 693 2832 obscenaeque
705 2756 842 2814 volucres.

136 2836 178 2894 Et
191 2839 272 2912 pater
285 2836 424 2894 Anchises
437 2836 526 2912 passis
541 2836 575 2893 de
588 2835 671 2893 litore
684 2835 786 2912 palmis

134 2916 264 2974 Numina
276 2936 381 2992 magna
393 2919 485 2987 10011,
499 2915 671 2990 meritosque
684 2915 785 2973 indicit
798 2914 936 2973 honores:

135 2995 200 3065 ‘Di,
213 2995 361 3072 prohibete
373 2994 480 3054 minas!
502 2995 539 3066 di,
553 2995 641 3052 1110111
654 2995 774 3053 avertite
787 3014 892 3066 casum,

134 3074 177 3132 Et
189 3074 292 3151 placidi
305 3078 415 3133 servate
427 3075 488 3151 pios
498 3075 514 3132 !’
556 3075 632 3131 Tum
645 3074 728 3133 litore
741 3074 840 3131 sunem

134 3154 278 3232 Deripere,
291 3173 476 3230 excussosque
485 3154 568 3229 jubet
582 3153 674 3212 laxare
688 3154 830 3212 rudentes.

135 3232 270 3292 Tendunt
283 3233 346 3291 1011
358 3234 437 3292 noti:
458 3234 575 3291 ferimur
588 3234 786 3310 spumantibus
800 3232 893 3304 undis,

135 3314 198 3386 Qua
211 3334 326 3372 cursum
339 3317 499 3390 ventusque
512 3314 740 3391 gubernatorque
752 3313 902 3371 vocabant.

135 3393 157 3450 J
158 3413 205 3451 am
217 3394 310 3451 medio
324 3396 440 3471 apparet
453 3393 544 3450 fluctu
556 3414 704 3451 nemorosa
717 3393 888 3470 Zacynthos,

135 3472 365 3550 Dulichiumque,
380 3473 525 3550 Sameque,
539 3476 569 3531 01
583 3473 701 3531 Neritos
715 3473 802 3530 ardua
816 3473 899 3530 saxis.

135 3552 298 3630 Effugimus
312 3553 440 3630 scopulos
453 3552 571 3624 11111010,
585 3552 701 3611 Laertia
713 3572 809 3629 regnu,

135 3632 178 3691 Iit
190 3635 297 3691 terram
309 3633 437 3692 altricem
451 3632 517 3690 saevi
530 3652 707 3691 exsecramur
721 3632 809 3689 Ulixi.

135 3711 208 3770 Mox
220 3716 250 3771 et
264 3712 396 3772 Leucatae
409 3713 538 3770 nimbosa
551 3712 696 3770 cacumina
708 3712 825 3783 montis,

136 3792 178 3850 Et
191 3792 359 3851 formidatus
372 3793 467 3850 nautis
481 3792 606 3869 aperitur
618 3791 732 3868 Apollo.

135 3871 225 3930 Hunc
239 3871 363 3949 petimus
376 3873 450 3947 sessi,
464 3876 494 3931 et
506 3892 600 3950 parvae
613 3871 788 3931 succedimus
801 3869 883 3927 urbi:
