2446 4260
132 212 171 270 54
433 227 770 271 1.111111111111111111

133 369 202 428 Huc
216 389 283 448 ager
295 368 343 428 ille
356 369 455 443 malus,
469 371 619 449 dulcesque
632 391 649 429 a
661 370 788 429 fontibus
800 370 887 429 undae

133 450 182 508 Ad
194 449 310 526 plenum
323 449 481 509 calcentur:
502 471 575 529 aqua
587 451 758 510 eluctabitur
771 451 863 509 omnis

134 529 256 600 Scilicet,
270 532 300 587 et
313 531 435 607 grandes
447 531 532 591 ibunt
544 551 594 608 per
606 531 715 589 vimina
726 533 818 609 guttae
831 555 838 602 ;

134 609 176 666 At
190 628 272 685 sapor
284 609 420 668 indicium
433 610 518 668 faciet
530 610 706 683 manifestus,
720 615 750 668 et
763 630 813 668 ora

134 688 241 747 Tristia
249 691 416 747 tentantum
429 710 512 749 sensu
524 689 671 767 torquebit
684 710 802 748 amaror.

132 767 254 846 Pinguis
266 768 337 827 item
350 789 412 846 quae
426 769 464 828 sit
477 770 571 841 tellus,
584 769 639 828 hoc
652 770 772 862 denique
784 771 869 847 pacto

133 847 294 907 Disoimus:
313 848 391 906 haud
403 869 529 927 unquam
541 815 672 908 manibus
682 849 792 928 jactata
803 849 920 920 fatiscit,

133 926 230 986 Sed
202 927 272 1005 prcis
285 928 317 986 in
328 948 437 987 morem
447 930 484 987 ad
497 929 602 1007 digitos
615 929 747 988 lentescit
759 928 899 988 habendo.

133 1006 264 1067 Humida
276 1007 394 1101 majores
409 1008 510 1067 herbas
524 1008 605 1080 1111,
597 1029 713 1086 rpsaque
722 1009 802 1087 J‘usto

133 1086 252 1146 Laetior
291 1087 381 1145 Ah
353 1089 474 1146 mmium
486 1108 523 1146 ne
536 1088 574 1146 sit
587 1088 659 1146 mibi
671 1088 773 1147 fertilis
786 1088 843 1161 illa,

132 1165 200 1224 Neu
213 1187 243 1225 11
256 1167 435 1260 prevalidam
447 1167 546 1246 primis
559 1169 692 1227 ostendat
704 1168 814 1226 aristis!

132 1246 205 1318 Quae
219 1247 313 1324 gravis
327 1248 401 1306 est'
372 1268 454 1325 ‚1pso
467 1247 586 1307 tacitam
599 1267 628 1306 11
640 1247 763 1325 pondere
776 1246 880 1325 prodit,

133 1326 261 1403 Quaeque
270 1326 348 1386 11111
382 1327 535 1386 Promtum
544 1330 588 1386 est
599 1328 686 1386 ocuhs
695 1324 899 1405 praediscere
870 1345 992 1403 nigram,

132 1405 175 1463 Et
189 1407 252 1483 quis
262 1427 308 1465 cur
298 1406 406 1465 c.olor
435 1408 479 1466 At
492 1407 659 1466 sceleratum
672 1407 816 1485 exquirere
828 1407 919 1484 frigus

132 1485 255 1545 Difficile
265 1489 325 1544 est:
345 1487 432 1564 picea
445 1490 570 1558 tantum,
583 1487 699 1564 taxique
708 1489 842 1545 nocentes

133 1564 293 1637 Interdum,
307 1569 357 1624 aut
371 1567 482 1625 hederae
496 1567 626 1644 pandunt
639 1567 761 1645 vestigia
773 1567 869 1644 nigrae.

172 1645 229 1703 His
242 1646 452 1718 animadversis,
464 1649 571 1704 terram
583 1646 675 1705 multo
689 1649 756 1704 ante
768 1648 913 1705 memento

133 1723 306 1803 Excoquere,
320 1728 350 1784 et
363 1745 483 1803 magnos
499 1725 644 1785 scrobibus
658 1726 801 1785 considere
817 1728 938 1797 montes,

133 1804 212 1863 Ante
225 1806 370 1883 supinatas
385 1805 509 1883 aquiloni
522 1806 668 1864 ostendere
681 1806 777 1884 glebas

133 1883 226 1955 Quam
238 1885 339 1944 laetum
351 1885 471 1944 infodias
483 1885 552 1943 ritis
565 1906 685 1964 genus
705 1886 823 1963 Optima
834 1885 914 1962 putri

132 1965 211 2023 Arva
224 1965 300 2024 solo:
320 1965 351 2022 id
362 1965 443 2024 venti
456 1968 564 2036 curant,
578 1948 732 2043 gelidaeque
744 1965 864 2043 pruinae,

132 2043 175 2101 Et
187 2044 326 2103 labefacta
337 2065 454 2104 movens
467 2012 621 2103 robustus
609 2065 712 2123 Jugera
723 2045 822 2104 sessor.

132 2123 175 2181 At
189 2124 213 2181 si
226 2145 296 2201 quos
309 2125 387 2182 haud
398 2125 457 2182 ulla
468 2125 544 2182 viros
556 2125 706 2202 vigilantia
717 2125 802 2202 sugit,

132 2203 211 2262 Ante
224 2204 319 2262 locum
332 2205 453 2263 similem
466 2204 626 2282 exquirunt,
640 2205 690 2263 ubi
702 2205 794 2281 prima
806 2207 922 2281 paretur

54 2338 60 2347 ,
132 2283 290 2342 Arboribus
304 2304 392 2362 seges,
406 2286 436 2343 et
449 2305 505 2362 quo
518 2305 585 2342 mox
598 2285 676 2362 diges
664 2288 708 2342 111
717 2285 840 2355 feratu13

133 2363 282 2421 Mutatam
294 2364 428 2442 ignorent
441 2364 536 2422 subito
549 2384 585 2422 ne
598 2364 706 2422 semina
717 2368 847 2422 matrem.

136 2443 312 2513 Quinetiam
326 2444 390 2502 coeli
403 2444 548 2522 regionem
560 2444 591 2501 in
606 2444 709 2502 cortice
723 2445 855 2521 signant·

133 2516 178 2580 Ut
180 2543 256 2600 ‚quo
270 2539 388 2601 qumque
400 2524 485 2581 modo
499 2524 621 2594 steterit,
635 2543 691 2601 qua
703 2527 783 2601 parte
797 2523 900 2582 calores

134 2601 286 2661 Austrinos
300 2603 399 2661 tulerit
401 2622 485 2696 ,quae
497 2608 580 2680 terga
593 2570 747 2661 obverterit
761 2603 815 2675 axi,

135 2679 320 2741 Restituunt:
342 2683 431 2740 adeo
423 2704 454 2740 1n
467 2684 572 2741 teneris
586 2702 765 2742 consuescere
778 2683 960 2741 multumt
916 2687 970 2742 111.

135 2760 261 2820 Collibus
274 2782 311 2820 an
323 2763 426 2855 plano
420 2763 521 2820 melius
534 2763 573 2820 sit
586 2782 689 2840 ponere
702 2762 800 2836 vitem,

135 2841 234 2912 Quaere
246 2842 340 2919 prius:
362 2842 386 2900 si
398 2842 513 2920 pinguis
526 2862 608 2920 agros
621 2842 764 2902 metabere
777 2843 877 2919 campi,

134 2920 232 2978 Densa
245 2942 320 2994 sere,
340 2922 371 2979 in
384 2922 470 2980 denso
483 2943 542 2980 non
554 2922 667 2999 segnior
679 2922 764 2981 ubere
777 2922 916 2980 Bacchus

135 2999 186 3057 Sin
198 3001 318 3059 tumulis
332 3001 435 3060 acclive
448 3002 540 3060 solum
554 3002 692 3078 collesque
706 3002 828 3079 supinos,

133 3079 257 3158 Indulge
270 3081 432 3153 ordinibus;
451 3102 503 3140 neo
516 3081 605 3140 secius
618 3081 710 3140 omnis
722 3082 753 3139 in
766 3103 892 3159 unguem

133 3161 290 3219 Arboribus
302 3161 403 3238 positis
417 3127 533 3219 secto
506 3182 553 3219 111
564 3161 656 3220 limite
670 3161 798 3238 quadret.

133 3240 178 3298 Ut
192 3259 266 3317 saepe
279 3240 391 3318 ingenti
403 3240 476 3299 bello
490 3261 578 3318 quum
591 3240 678 3318 longa
690 3241 821 3300 cohortes

133 3320 281 3398 Explicuit
294 3320 377 3397 legio,
388 3323 418 3378 et
431 3340 529 3397 eampo
543 3321 626 3380 stetit
640 3341 743 3398 agmen
756 3324 862 3398 aperto,

133 3401 312 3478 Directaeque
326 3400 407 3470 acies,
420 3420 452 3458 ao
465 3400 523 3458 late
535 3401 657 3459 fluctuat
673 3401 764 3459 omnis

134 3480 203 3538 AEre
216 3479 357 3538 renidenti
368 3480 464 3551 tellus,
477 3499 528 3537 neo
542 3480 612 3538 dum
624 3480 739 3538 horrida
751 3480 873 3538 miscent

134 3559 248 3632 Proelia,
262 3560 311 3618 sed
324 3559 426 3618 dubius
442 3559 541 3618 mediis
556 3561 633 3618 Mars
647 3564 722 3618 errat
735 3560 766 3617 in
779 3560 880 3618 armis:

135 3639 239 3698 Omnia
252 3640 310 3698 sint
323 3640 436 3717 paribus
450 3639 574 3697 numeris
588 3641 715 3698 dimensa
726 3640 853 3710 viarum3

133 3720 203 3778 Non
216 3720 343 3778 animum
356 3719 440 3778 modo
453 3719 498 3776 uti
511 3722 608 3796 pascat
621 3722 785 3797 prospectus
799 3719 920 3790 inanem,

134 3799 191 3858 Sed
204 3800 340 3877 quianon
354 3799 436 3858 aliter
447 3799 521 3857 vires
535 3799 614 3857 dabit
627 3799 758 3858 omnibus
771 3819 864 3876 aequas

134 3879 230 3951 Terra,
243 3899 333 3956 neque
345 3879 376 3937 in
389 3899 511 3937 vacuum
523 3881 659 3956 poterunt
672 3899 702 3937 se
715 3879 865 3938 extendere
878 3877 958 3935 rami.

173 3958 308 4018 Forsitan
321 3961 359 4032 et,
372 3959 517 4019 scrobibus
530 3979 591 4037 quae
602 3958 661 4018 sint
673 3959 796 4037 fastigia,
810 3977 929 4036 qnaeras.
