2446 4260
135 219 196 278 364
439 226 621 273 nvmarnrr
633 227 776 271 uanoms

138 374 182 432 Et
195 393 262 433 cum
274 372 361 432 fratrc
375 370 471 443 Coras,
483 370 550 430 latis
564 370 716 430 diffimdita
728 369 844 446 campis.

138 454 210 513 Pars
223 453 318 512 aditus
330 452 409 511 urbis
423 452 538 510 firment
551 454 699 528 turresque
712 454 876 529 capessant:

138 532 250 605 Cetera,
263 552 320 610 qua
327 532 416 610 jusso,
429 551 542 590 mecum
554 551 655 589 manus
668 530 772 589 inferat
785 531 893 589 arma.’'

139 612 225 671 llicet
237 613 268 670 in
281 632 377 670 muros
390 614 455 670 tota
467 611 634 669 discurritur
647 611 725 668 urbe.

139 691 300 751 Concilium
312 692 372 769 ipse
385 694 466 769 pater
479 694 509 748 et
522 711 627 768 magna
638 690 752 767 incepta
764 689 887 748 Latinus

140 771 265 843 Deserit,
279 791 312 829 ac
324 771 403 829 tristi
415 771 550 828 turbatus
563 774 691 847 tempore
705 770 817 841 diffe1t3

141 850 293 926 Multaque
307 870 336 908 se
348 850 470 921 incusat,
484 850 532 925 qui
545 870 603 908 non
616 850 755 927 acceperit
767 849 844 908 ultro

140 929 319 988 Dardanium
332 929 451 1000 AEneam
466 949 657 1007 generumque
670 929 820 987 adsciverit
833 929 906 988 urbi.

141 1009 319 1067 Praefodiunt
332 1008 380 1067 alii
392 1012 497 1085 portas,
511 1012 562 1067 aut
575 1029 642 1067 saxa
654 1009 792 1086 sudesque

141 1088 327 1146 Subvectant.
367 1088 448 1147 Bello
462 1088 512 1146 dat
526 1088 641 1166 signum
653 1109 738 1147 rauca
751 1091 901 1147 cruentum

142 1167 277 1226 Buccina.
318 1167 394 1226 Tum
406 1188 502 1226 muros
515 1169 593 1226 varia
606 1168 716 1227 cinxere
730 1188 834 1227 corona

141 1247 287 1306 Matronae
299 1248 451 1325 puerique3
471 1251 555 1307 vocat
568 1249 647 1307 labor
659 1248 779 1306 ultimus
793 1267 899 1306 omnes.

140 1326 205 1385 Nec
217 1346 276 1385 non
288 1328 326 1385 ad
337 1327 479 1405 templum
492 1348 671 1405 summasque
684 1327 720 1385 ad
734 1327 857 1386 Palladis
871 1346 948 1386 arces

142 1406 317 1465 Subvehitur
330 1426 435 1485 magna
447 1410 573 1465 matrum
586 1407 685 1484 regina
697 1410 820 1480 caterva,

142 1485 227 1545 Dona
239 1486 348 1560 farens3
364 1488 503 1565 juxtaque
516 1507 609 1546 comes
623 1487 743 1545 Lavinia
755 1488 846 1565 virgo,

142 1564 235 1624 Causa
247 1567 316 1624 mali
327 1567 413 1639 tanti,
427 1567 521 1626 oculos
535 1566 643 1644 dejecta
655 1567 778 1625 decoros.

142 1645 304 1705 Succedunt
317 1650 431 1718 matres,
445 1649 474 1705 et
487 1647 629 1724 templum
642 1647 727 1705 thure
740 1649 888 1725 vaporant,

142 1725 185 1784 Et
198 1729 312 1784 maestas
325 1726 384 1784 alto
397 1726 522 1784 fundunt
536 1727 570 1785 de
579 1726 677 1784 limine
689 1746 789 1786 voces:

142 1808 160 1837 “
168 1805 361 1884 Armipotens,
374 1825 477 1883 praeses
490 1807 564 1879 belli,
578 1806 709 1864 Tritonia
721 1807 811 1884 virgo,

143 1885 257 1964 Frange
270 1905 357 1944 manu
369 1886 461 1944 telum
474 1886 596 1964 Phrygii
609 1886 760 1964 praedonis,
773 1889 803 1944 et
815 1886 910 1963 ipsum

142 1964 271 2024 Pronum
284 1967 380 2024 sterne
392 1966 461 2038 solo,
473 1967 619 2044 portisque
632 1966 744 2024 effimde
758 1966 811 2024 sub
824 1967 919 2026 altis.”

143 2043 278 2123 OingItur
289 2045 350 2122 ipse
362 2046 458 2104 furens
472 2046 604 2104 certatim
616 2045 647 2103 in
659 2046 759 2123 proelia
771 2045 894 2105 Tamus.

143 2124 268 2202 Jamque
281 2125 350 2184 adeo
364 2125 508 2182 Rutulum
520 2125 638 2184 thoraca
650 2124 768 2183 indutus
782 2125 880 2184 ahenis

144 2205 290 2264 Horrebat
303 2205 436 2282 squamis,
450 2224 584 2280 surasque
596 2204 749 2263 incluserat
762 2225 839 2276 auro,

144 2284 284 2361 Tempora
296 2284 389 2342 nudus
403 2285 512 2355 adhuc;
532 2284 669 2361 laterique
682 2285 840 2343 accinxerat
854 2305 967 2356 ansem;

144 2364 342 2441 Fulgebatque
356 2364 415 2421 alta
427 2364 577 2422 decurrens
591 2385 690 2423 aureus
704 2385 783 2436 arce3

144 2444 336 2520 Exsultatque
349 2443 459 2515 animis,
473 2445 502 2501 et
516 2464 565 2520 spe
574 2444 635 2521 jam
648 2445 775 2521 praecipit
788 2445 910 2504 hostem.

144 2523 241 2594 Qualis
255 2524 304 2581 ubi
318 2524 446 2600 abruptis
459 2523 536 2600 sugit
549 2524 683 2601 praesepia
695 2525 795 2582 vinclis

145 2603 273 2662 Tandem
286 2603 356 2662 liber
369 2624 466 2680 equus
480 2624 634 2680 campoque
646 2604 757 2680 potitus
771 2607 869 2680 aperto

143 2684 206 2741 Ant
219 2683 266 2741 ille
279 2682 310 2741 in
322 2687 421 2760 pastus
436 2687 619 2760 armentaque
632 2684 727 2741 tendit
741 2704 886 2759 equarum,

145 2763 207 2821 Aut
221 2768 350 2822 assuctus
364 2783 444 2840 aquae
457 2764 587 2840 perfundi
600 2764 717 2821 flumine
730 2768 800 2821 noto

144 2842 270 2915 Emicat,
283 2844 453 2920 arrectisque
466 2843 562 2901 fremit
576 2843 730 2900 cervicibus
743 2843 801 2900 alte

145 2922 324 2994 Luxurians3
344 2922 502 3000 luduntque
511 2922 589 3000 jubae
601 2942 651 2998 per
664 2923 742 2994 colla,
756 2942 805 2999 per
818 2942 920 2982 armos.

147 3002 238 3060 Obvia
251 3003 304 3074 cui,
318 3002 486 3061 Volscorum
499 3001 557 3060 acie
571 3002 734 3073 comitante,
748 3002 867 3061 Camilla

146 3082 286 3153 Occurrit,
300 3083 444 3159 portisque
458 3083 493 3140 ab
507 3102 578 3158 equo
592 3081 690 3158 regina
703 3082 756 3139 sub
768 3081 836 3158 ipsis

146 3161 287 3234 Desiluit;
308 3182 393 3238 quam
406 3165 470 3220 tota
483 3162 582 3221 cohors
595 3162 710 3219 imitata
722 3161 827 3219 relictis

146 3242 194 3298 Ad
206 3244 312 3299 terram
326 3241 443 3298 defluxit
457 3243 552 3318 equis;
571 3244 635 3299 tum
649 3241 719 3299 talia
732 3242 824 3298 fatur:

146 3324 163 3352 “
172 3321 276 3393 Turne,
290 3321 334 3379 sui
347 3320 449 3379 merito
463 3321 487 3378 si
500 3324 612 3397 quaest
625 3321 730 3378 fiducia
742 3321 818 3391 forti,

146 3400 246 3459 Audeo
260 3404 289 3459 et
303 3400 463 3458 AEneadum
476 3401 614 3478 promitto
628 3420 771 3458 occurrere
785 3403 895 3472 turmae,

146 3479 266 3556 Solaque
280 3480 442 3558 Tyrrhenos
456 3481 565 3556 equites
578 3481 619 3538 ire
633 3481 716 3538 obvia
729 3483 836 3538 contra.

146 3560 198 3618 Me
211 3561 271 3619 sine
283 3561 375 3637 prima
388 3580 475 3618 manu
488 3563 599 3619 tentare
612 3560 736 3637 pericula
748 3559 831 3617 belli:

146 3639 193 3696 Tu
205 3640 289 3716 pedes
303 3641 339 3697 ad
352 3661 447 3698 muros
462 3640 593 3711 subsiste,
607 3643 637 3698 et
651 3640 756 3697 moenia
769 3637 879 3696 serva.’'

146 3718 260 3776 Turnus
273 3721 309 3777 ad
322 3720 390 3791 haec,
405 3720 515 3778 occulos
528 3719 670 3777 horrenda
682 3720 712 3776 in
725 3718 835 3796 virgine
850 3717 939 3777 fixus:

147 3798 199 3859 “O
212 3799 297 3860 decus
312 3799 404 3859 Italiae
416 3801 507 3878 virgo,
520 3819 589 3876 quas
603 3799 694 3856 dicere
707 3802 811 3875 grates,

138 3883 255 3959 Quaeve
268 3883 377 3945 referre
390 3878 511 3962 parem?
534 3879 587 3938 sed
595 3898 686 3946 nunc,
696 3881 741 3932 ssu
752 3878 850 3932 omnia
858 3880 968 3950 quanda

128 3968 198 4032 Iste
213 3968 336 4031 animus
350 3987 454 4047 supra,
465 3979 587 4024 mecum
595 3953 855 4036 nartnelaloorsm.
