2446 4260
151 226 211 284 398
453 233 635 278 nummum
648 233 790 276 nnnonrs

194 381 252 439 Olli
266 379 413 438 subridens
426 377 577 437 hominum
590 397 741 453 rerumque
753 380 900 454 repertor:

154 463 223 520 “Et
237 480 372 539 germana
385 458 406 515 J
407 459 477 531 ovis,
491 457 662 533 Saturnique
676 458 766 515 altera
778 459 881 534 proles,

150 542 265 600 Irarum
278 543 378 598 tantos
392 539 483 597 volvis
497 539 549 596 sub
563 541 676 614 pectore
689 537 821 597 fluctus?

151 622 260 680 Verum
273 640 334 697 age,
348 622 378 677 et
390 619 537 696 inceptum
550 618 657 675 frustra
669 617 809 676 submitte
822 617 956 677 furorem.

151 701 208 772 Do,
222 700 298 777 quod
311 699 371 770 vis;
391 701 421 756 et
434 718 481 756 me
493 698 644 772 victusque
656 696 811 775 volensque
823 699 952 758 remitto.

151 780 316 838 Sermonem
330 778 452 836 Ausonii
464 777 592 853 patrium
604 796 753 853 moresque
766 778 926 851 tenebunt3

150 858 250 936 thue
264 863 317 930 est,
331 876 435 915 nomen
449 857 520 927 erit3
541 857 690 914 commixti
703 877 818 934 corpore
831 861 949 916 tantum

151 937 305 996 Subsident
319 936 430 995 Teucri.
471 936 586 994 Morem
596 937 725 1013 ritusque
739 957 883 996 sacrorum

150 1017 300 1094 Adjiciam,
314 1017 470 1092 faciamque
484 1036 582 1075 omnes
595 1037 653 1074 uno
667 1036 714 1074 ore
728 1016 858 1075 Latinos.

150 1097 230 1168 Hinc
242 1116 332 1174 genus
345 1096 473 1154 Ausonio
486 1095 609 1154 mixtum
623 1097 699 1172 quod
712 1096 849 1173 sanguine
862 1101 969 1174 surget,

150 1177 242 1253 Supra
254 1176 392 1247 homines,
406 1196 491 1252 supra
503 1176 544 1234 ire
557 1177 623 1234 deos
637 1176 744 1253 pietate
758 1176 882 1249 videbis,

149 1255 212 1314 Nec
226 1276 296 1332 gens
309 1255 368 1313 ulla
380 1258 447 1314 tuos
462 1276 542 1332 aeque
556 1256 709 1314 celebrabit
723 1256 875 1315 honores.‘'

148 1335 262 1393 Annuit
275 1335 320 1393 his
334 1336 422 1407 June,
436 1339 466 1394 et
479 1339 607 1394 mentem
619 1336 719 1393 laetata
731 1337 858 1394 retorsit.

148 1413 265 1474 Interea
277 1416 387 1474 excedit
400 1415 480 1486 coelo,
492 1417 653 1493 nubemque
665 1415 789 1491 reliquit.

190 1495 246 1552 His
260 1495 340 1567 actia,
354 1495 431 1553 aliud
446 1495 565 1554 Genitor
578 1516 674 1554 secum
686 1494 746 1572 ipse
759 1495 887 1568 volutat,

149 1573 171 1630 J
171 1577 362 1651 utmnamque
375 1578 457 1651 parat
470 1575 565 1634 fratris
579 1575 724 1633 dimittere
737 1575 773 1633 ab
786 1576 881 1634 armis,

148 1653 294 1713 Dicuntur
307 1655 429 1732 geminae
442 1659 536 1732 pestes
549 1655 716 1733 cognomine
730 1655 818 1727 Dirae,

148 1733 225 1804 Quas
240 1737 269 1792 et
283 1735 447 1793 Tartaream
460 1735 529 1792 Nox
542 1735 715 1812 intempesta
727 1734 888 1812 Megaeram

148 1812 216 1872 Uno
229 1814 383 1890 eodemque
395 1815 465 1872 tulit
478 1818 571 1891 partu,
585 1815 754 1892 paribusque
766 1814 890 1873 revinxit

149 1891 319 1971 Serpentum
333 1894 424 1972 spiriS,
437 1898 624 1971 ventosasque
638 1894 748 1952 addidit
762 1894 830 1953 alae

148 1971 206 2031 Hae
220 1973 242 2030 J
243 1973 304 2032 ovis
318 1975 354 2032 ad
367 1974 478 2046 solium,
492 1975 616 2052 saenque
629 1975 660 2032 in
672 1974 770 2034 limine
783 1973 868 2051 regis,

148 2053 305 2130 Apparent‚
319 2057 481 2131 acuuntque
495 2058 606 2113 metum
619 2054 786 2112 mortalibus
800 2053 893 2132 agria,

148 2131 305 2208 Siquando
319 2133 410 2192 letum
423 2134 587 2192 horrificum
601 2135 770 2210 morbosque
784 2133 868 2192 deum
882 2154 932 2191 rer

148 2211 279 2284 Molitur‚
294 2214 410 2271 meritas
424 2218 475 2271 aut
488 2213 562 2272 bello
575 2214 690 2272 territat
704 2214 796 2271 urbes.

147 2292 262 2350 Harum
276 2313 362 2350 unam
376 2293 494 2350 celerem
509 2293 622 2351 demisit
636 2295 671 2352 ab
686 2294 790 2351 aethere
804 2313 914 2350 summo

147 2372 272 2448 Jupiter,
286 2373 371 2449 inque
385 2391 467 2429 omen
482 2373 504 2429 J
504 2376 619 2430 uturnae
633 2393 777 2431 occurrere
787 2372 882 2450 jussit.

146 2451 202 2508 Illa
214 2452 301 2522 volat,
316 2452 452 2526 celerique
466 2452 501 2509 ad
514 2455 620 2510 terram
634 2453 748 2512 turbine
762 2453 869 2510 fertur:

145 2531 214 2588 Non
228 2552 306 2589 secus
320 2552 352 2589 ac
366 2551 452 2589 nervo
466 2552 516 2609 per
529 2533 635 2590 nubem
648 2533 769 2610 impulsa
782 2533 897 2609 sagitta,

143 2610 295 2668 Armatam
308 2611 375 2669 saevi
388 2612 515 2669 Parthus
530 2633 615 2688 quam
628 2613 691 2670 felle
705 2611 813 2682 veneni,

143 2690 278 2762 Parthus,
292 2691 351 2750 sive
366 2691 475 2769 Cydon,
489 2693 580 2750 telum
593 2692 806 2762 immedicabile,
819 2690 914 2761 torsit,

144 2770 273 2828 Stridens
287 2774 317 2829 et
331 2773 433 2830 celeres
446 2772 594 2849 incognita
607 2772 733 2831 transilit
746 2772 870 2829 umbras.

144 2849 221 2907 Talis
236 2871 265 2908 se
279 2854 342 2909 sata
355 2851 450 2909 Nocte
464 2851 543 2923 tulit,
557 2854 702 2928 terrasque
715 2851 828 2928 petivit.

143 2929 302 3005 Postquam
316 2930 388 2988 acies
401 2931 480 2989 videt
495 2931 596 2989 Iliacas
609 2934 695 3008 atque
709 2930 823 3006 agmina
836 2929 936 3001 Turni,

143 3008 231 3067 Alitis
245 3009 275 3066 in
288 3029 382 3085 parvae
396 3011 520 3068 subitam
534 3011 654 3069 collecta
664 3009 794 3088 figuram,

144 3089 214 3159 Quas
229 3089 372 3165 quondam
386 3089 416 3146 in
430 3090 521 3148 bustis
536 3095 586 3148 aut
601 3089 772 3149 culminibus
786 3087 903 3146 desertis

143 3167 238 3226 Nocte
253 3168 351 3225 sedens
366 3188 460 3226 serum
473 3170 551 3228 canit
564 3171 729 3246 importuna
742 3190 792 3247 per
804 3168 937 3241 umbras;

142 3247 228 3306 Hanc
242 3268 323 3306 versa
335 3248 365 3305 in
378 3248 479 3307 faciem
493 3249 584 3307 Turni
597 3270 627 3308 se
640 3250 728 3327 pestis
742 3251 779 3308 ob
793 3266 843 3307 ora

142 3326 269 3404 Fertque
282 3328 424 3404 refertque
438 3349 549 3401 sonans,
563 3330 740 3407 clipeumque
754 3329 899 3387 everberat
913 3327 972 3385 alis.

141 3404 192 3464 Illi
205 3408 333 3466 membra
345 3429 435 3466 novus
449 3409 535 3467 solvit
549 3409 698 3468 formidine
712 3413 811 3486 torpor
822 3432 829 3480 ;

141 3487 325 3564 Arrectaeque
337 3488 453 3547 horrore
467 3507 563 3560 comas,
578 3493 608 3548 et
621 3511 676 3548 vox
689 3489 816 3548 faucibus
830 3486 923 3551 haesit.

141 3567 184 3625 At
197 3567 296 3643 procul
308 3571 342 3625 ut
356 3568 434 3626 Dirae
449 3568 599 3626 stridorem
613 3570 731 3646 agnovit
745 3573 775 3627 et
789 3569 856 3641 alas,

141 3645 246 3704 infelix
260 3648 349 3706 crines
363 3649 467 3706 scindit
481 3648 502 3704 J
504 3651 610 3707 uturna
623 3650 741 3721 solutos,

141 3725 294 3802 Unguibus
308 3748 357 3784 ora
370 3748 448 3786 soror
461 3728 578 3800 fundano,
593 3731 622 3786 et
635 3732 752 3806 pectora
764 3727 891 3806 pugnisr

140 3808 158 3837 “
168 3805 245 3882 Quid
258 3828 336 3867 nunc
347 3809 379 3867 te
390 3811 454 3881 tua,
464 3808 572 3879 Turne,
581 3811 678 3885 potest
692 3829 827 3884 germana
835 3805 958 3884 juvare?

133 3890 201 3953 Aut
215 3892 289 3974 quid
297 3890 364 3974 jam
376 3891 456 3950 dura
469 3892 587 3967 superat
598 3886 692 3944 minii
715 3888 941 3960 qnatmxtuoem

129 3977 211 4039 Arte
224 3974 353 4040 morer?
375 3973 461 4061 talisi
478 3989 606 4053 possum
615 3987 666 4024 me
678 3981 821 4038 opponere
829 3957 982 4015 monstrnt
