2370 4260
462 133 603 180 AENEIDOS
617 133 679 176 LIB.
693 134 723 178 V.

149 277 221 350 Quen
231 280 310 339 modo
323 278 418 337 navali
431 279 597 338 Mnestheus
611 276 764 337 certamine
777 276 870 336 victor

95 376 98 420 l
151 357 319 437 Consequitur,
333 359 418 416 viridi
430 358 598 418 Mnestheus
612 358 741 417 evinctus
755 356 845 416 oliva:

95 436 99 502 l
151 435 239 498 Tertius
251 439 404 517 Eurytion,
416 442 494 511 tuus,
508 459 525 496 0
539 437 699 509 clarissime,
712 437 809 508 frater,

152 515 259 591 Pandare,
272 519 322 597 qui
335 519 486 596 quondam,
495 517 592 595 jussus
606 516 775 576 confundere
787 515 888 587 foedrm,

153 594 181 654 In
189 598 279 658 medios
292 598 384 657 telum
396 597 507 656 torsisti
518 597 627 675 primus
641 595 774 655 Achivos.

153 674 276 736 Extremus
289 678 423 756 galeaque
436 678 495 735 ima
507 677 634 736 subsedit
648 677 774 746 Acestes,

154 755 224 816 Ausus
234 761 261 816 et
273 758 332 836 ipse
345 778 433 816 manu
442 757 581 835 juvenum
592 758 704 815 tentare
716 755 850 814 laborem.
895 801 896 806 κ

100 902 103 907 ,
155 832 208 894 'lun
218 837 310 896 validis
323 838 409 896 flexos
421 837 573 895 incurvant
585 836 693 894 viribus
706 855 786 893 arcus

155 911 195 973 Pro
205 937 229 975 so
239 917 354 995 quisque
366 916 429 988 riri,
443 919 474 975 et
487 917 657 994 depromunt
669 914 728 973 tela
739 913 889 992 pharetris.

156 989 274 1073 Primaque
286 1018 337 1074 per
350 996 453 1055 coelum
465 1015 551 1055 nervo
565 995 704 1054 stridente
717 994 825 1072 sagitta

156 1069 289 1150 Hyrtacides
297 1076 411 1154 juvenis
423 1075 550 1134 volucres
564 1075 722 1133 diverberat
735 1093 833 1146 auras3

156 1149 184 1209 dt
193 1156 266 1228 venit,
279 1155 443 1233 adversique
456 1155 587 1233 infigitur
600 1154 698 1213 arbore
711 1153 788 1211 mali.

155 1227 280 1294 Intremuit
292 1236 392 1307 malus,
405 1235 560 1312 timuitque
574 1233 709 1292 exterrita
720 1233 821 1310 pennis

155 1308 209 1384 Ales,
220 1320 245 1374 ct
257 1315 369 1394 ingenti
383 1317 539 1373 sonuerunt
553 1314 649 1372 omnis
660 1313 770 1390 plausu.

154 1384 205 1451 Post
215 1414 270 1454 acer
282 1395 449 1453 Mnestheus
463 1394 566 1452 educto
580 1393 711 1452 constitit
724 1413 799 1464 arcu,

154 1467 204 1530 Alta
212 1478 312 1551 petens,
325 1474 486 1552 pariterque
500 1473 594 1532 oculos
608 1473 753 1550 telumque
766 1470 907 1530 tetendit:

153 1546 193 1608 Ast
202 1552 282 1631 ipsam
294 1554 469 1612 miserandus
484 1573 565 1612 arem
579 1553 743 1631 contingere
756 1552 830 1610 ferro

152 1623 202 1688 Non
211 1634 311 1706 valuit;
330 1634 419 1692 nodos
433 1637 463 1692 et
475 1632 589 1691 vincula
599 1632 675 1691 lines
687 1631 774 1709 rupit,

151 1703 214 1776 itucis
224 1714 324 1773 innexu
335 1714 436 1790 pedem
449 1712 524 1771 malo
536 1712 678 1789 pendebat
690 1712 726 1770 ab
740 1711 815 1769 alto:

151 1780 192 1848 llh
200 1797 274 1853 notos
288 1797 374 1870 atque
386 1796 449 1851 atra
461 1792 559 1851 volans
572 1791 603 1850 in
616 1790 713 1850 nubila
725 1791 811 1868 fugit.

95 1891 97 1906 ¹
151 1859 206 1928 Tun
215 1874 324 1952 rapidus
332 1873 506 1951 jumdudum
518 1891 586 1930 arcu
598 1873 733 1930 contenta
745 1872 846 1948 parato

95 1977 97 2009 ÷
150 1939 202 2008 'fols
210 1955 312 2025 tenens,
325 1953 443 2011 fratrem
456 1951 600 2029 Eurytion
612 1951 643 2008 in
655 1953 725 2009 vota
736 1949 858 2020 vocavit,

95 2074 97 2080 .
152 2020 201 2087 lam
210 2052 291 2092 racuo
305 2033 401 2090 laetam
415 2032 485 2090 coelo
499 2031 675 2108 speculatus3
695 2032 726 2088 et
739 2029 791 2088 alis

152 2099 310 2171 Phudentem
323 2112 406 2189 nigre
418 2112 484 2189 figit
497 2112 550 2170 sub
562 2111 638 2168 nube
651 2109 820 2169 columbam.

151 2179 240 2250 Decidit
252 2192 396 2263 exanimis,
409 2192 554 2266 vitamque
567 2189 682 2266 reliquit
694 2191 726 2246 in
739 2189 822 2248 astris

151 2261 269 2344 other-iis,
282 2273 424 2348 fixamque
436 2271 523 2329 refert
536 2269 649 2347 delapsa
661 2269 807 2348 sagittam.

152 2341 238 2409 Anisa
250 2351 324 2410 solus
337 2351 431 2428 palma
444 2350 594 2428 superabat
607 2350 742 2408 Acestes:

152 2420 192 2492 Qui
202 2432 290 2490 tamen
304 2431 392 2489 serias
405 2430 496 2488 telum
509 2429 656 2488 contendit
669 2429 699 2486 in
713 2449 803 2500 auras,

153 2499 280 2569 Ostentans
293 2514 440 2587 artemque
453 2512 534 2586 pater
546 2529 697 2585 arcumque
711 2511 868 2566 sonantem.

152 2576 195 2643 Hic
204 2591 283 2649 oculis
296 2590 425 2649 subitum
438 2589 570 2668 objicitur
583 2608 742 2666 magnoque
755 2588 885 2645 futurum

151 2659 253 2742 Augurio
265 2674 443 2729 monstrum:
465 2669 562 2728 docuit
574 2672 640 2746 post
654 2668 747 2727 exitus
760 2667 869 2745 ingens,

151 2736 246 2825 seraque
257 2750 374 2809 terrifici
387 2749 550 2808 cecinerunt
564 2748 659 2806 omina
671 2750 760 2805 vates.

151 2814 256 2910 llamquc
268 2830 367 2888 volans
379 2829 493 2906 liquidis
506 2829 537 2887 in
550 2828 673 2886 nubibus
687 2827 756 2885 arsit
770 2826 886 2898 arundo,

151 2894 308 2988 lunarisque
321 2910 398 2967 viam
411 2908 541 2980 flammis,
554 2911 709 2984 tenuesque
721 2906 837 2965 recessit

150 2973 281 3048 Consumis
293 2990 324 3047 in
336 2992 454 3048 ventos:
475 2989 545 3047 coelo
559 3008 610 3046 ceu
624 3007 699 3064 saepe
712 2986 798 3044 refixa

149 3050 332 3127 Transcurrunt
345 3069 506 3145 crinemque
518 3067 645 3125 volantia
657 3066 748 3124 sidera
761 3065 878 3124 ducunt.

146 3132 265 3229 Attonitis
278 3150 384 3207 haesere
398 3148 507 3219 animis,
522 3167 691 3224 superosque
704 3145 811 3222 precati

200 3229 261 3286 acrii
275 3228 431 3305 Teucrique
444 3228 513 3286 viri:
535 3247 586 3285 nec
600 3226 739 3284 maximus
753 3245 837 3283 omen

142 3289 370 3380 Ab11uitAEnees3
391 3307 441 3366 sed
452 3307 555 3365 laetum
568 3306 712 3383 amplexus
726 3306 851 3364 Acesten

139 3363 292 3474 §tussibus
305 3388 432 3446 cumulat
444 3387 565 3464 magnis,
579 3406 611 3444 ac
623 3386 693 3444 talia
705 3386 798 3444 fatur:

157 3451 244 3540 Slune,
258 3471 356 3544 pater3
377 3487 444 3525 nam
456 3471 487 3526 te
500 3466 593 3525 voluit
605 3486 655 3524 rex
668 3486 789 3544 magnus
803 3461 920 3541 Olympi
953 3484 965 3517 s

135 3519 240 3604 Talibus
254 3547 384 3625 auspiciis
397 3550 538 3605 exsortem
551 3547 652 3604 ducere
664 3545 794 3604 honores,

130 3598 220 3684 Ipsius
232 3627 365 3686 Anchisae
378 3626 499 3704 longaevi
510 3626 567 3685 hcc
579 3646 682 3683 munus
695 3623 820 3692 habebis,

128 3677 242 3764 (itatem
252 3707 421 3784 impressum
435 3706 532 3784 signis,
546 3726 630 3783 quem
644 3703 779 3762 Thrasius
794 3701 861 3759 olim

121 3756 258 3843 AIlchlsae
265 3787 392 3862 genitori¹
402 3787 433 3843 in
447 3807 553 3865 magno
566 3807 685 3847 munere
700 3784 824 3845 Cisseus⁴

131 3861 201 3918 ene
209 3865 257 3919 sui
267 3864 384 3922 dederat
394 3872 624 3930 monumentum
639 3873 670 3932 et
683 3870 796 3953 pignus
807 3867 947 3932 amoris?
