2370 4260
197 207 235 263 14
493 224 520 264 P.
535 222 676 266 ursermr
689 221 831 265 Mnnorsss

196 364 238 422 Et
252 384 321 441 puer
333 364 393 441 ipse
407 364 462 423 fuit
476 365 584 423 cantari
598 365 709 442 dignus,
723 368 753 423 et
766 365 823 424 ista

196 444 217 502 J
219 464 265 502 am
278 443 387 521 pridem
401 444 539 504 Stimicon
552 445 680 503 laudavit
693 445 818 503 carmina
829 444 919 503 nobis.

235 524 320 581 Mun.
342 523 486 582 Candidus
499 525 644 584 insuetum
658 525 778 583 miratur
790 525 877 583 limen
891 525 1008 604 Olympi

194 604 253 661 sub
267 604 438 680 pedibusque
451 605 530 663 videt
543 606 633 664 nubes
647 609 677 662 et
690 604 782 662 sidera
794 604 935 682 Daphnis,

194 684 273 760 Ergo
287 684 385 741 alacris
400 684 483 741 silvas
497 688 527 742 et
541 689 634 743 cetera
646 704 713 741 rura
725 685 857 761 voluptas

194 763 328 840 Panaque
341 765 523 841 pastoresque
536 767 617 822 tenet
630 763 816 841 Dryadasque
829 763 952 841 puellas:

193 843 257 901 Nec
269 843 353 920 lupus
366 843 482 901 insidias
495 843 596 921 pecori,
610 863 661 902 neo
674 843 747 901 retia
760 844 848 902 cervis

195 922 262 979 Ulla
275 924 372 980 dolum
384 923 575 993 meditantur3
595 924 674 981 amat
686 923 778 981 bonus
792 923 851 982 otia
864 921 1005 1000 Daphnis.

194 1002 255 1078 Ipsi
267 1002 369 1060 laetitia
381 1022 463 1061 voces
478 1003 513 1059 ad
527 1003 618 1060 sidera
626 1002 740 1079 jactant

193 1081 308 1140 intonsi
320 1086 448 1152 montes;
468 1082 536 1158 ipsae
544 1081 606 1158 jam
619 1082 744 1140 carmina
755 1101 848 1158 rupes,

193 1160 261 1237 Ipsa
274 1165 376 1220 sonant
391 1162 521 1220 arbusta:
543 1167 558 1192 “
568 1162 645 1232 deus,
659 1162 727 1219 deus
740 1161 797 1232 ille,
811 1159 971 1219 Menalca.”

193 1240 237 1299 Sis
251 1241 341 1299 bonus
355 1261 371 1299 0
385 1241 506 1318 felixque
519 1241 593 1298 tuis!
614 1261 649 1299 en
664 1244 785 1317 quatuor
798 1260 875 1299 aras:

193 1321 268 1379 Ecce
282 1322 351 1378 duas
364 1321 427 1392 tibi,
442 1321 567 1397 Daphni,
581 1320 650 1378 duas
664 1321 763 1378 altaria
776 1320 895 1378 Phoebo.

192 1400 300 1458 Pocula
312 1401 379 1458 bina
391 1421 465 1459 novo
480 1400 644 1478 spumantia
656 1400 730 1458 lacte
743 1398 904 1476 quotannis,

192 1479 376 1558 Craterasque
389 1481 445 1538 duo
459 1484 585 1538 statuam
597 1480 653 1538 tibi
664 1479 778 1557 pinguis
792 1479 875 1550 olivi3

193 1559 234 1618 Dt
247 1561 338 1618 multo
351 1560 382 1618 in
394 1561 493 1638 primis
506 1560 630 1618 hilarans
644 1558 773 1618 convivia
785 1559 908 1630 Baccho,

192 1640 270 1698 Ante
283 1641 385 1711 focum,
400 1637 424 1698 si
437 1640 526 1717 frigus
540 1640 603 1711 erit,
617 1639 641 1697 si
654 1639 761 1709 messis,
774 1639 805 1696 in
818 1639 928 1711 umbra,

192 1719 267 1778 Vina
279 1740 385 1778 novum
398 1721 516 1778 fundam
530 1719 648 1777 calathis
662 1718 776 1776 Ariusia
788 1721 895 1776 nectar.

192 1797 358 1858 Cautabunt
371 1800 443 1857 mihi
455 1799 604 1857 Damoetas
618 1802 648 1856 et
661 1797 782 1876 Lyctius
795 1797 908 1875 AEgon3

192 1879 335 1938 Saltantes
349 1879 466 1956 Satyros
479 1877 639 1935 imitabitur
653 1878 860 1955 Alphesiboeus.

192 1958 264 2016 Haec
278 1959 332 2017 tibi
346 1978 455 2035 semper
468 1960 560 2028 erunt,
575 1961 604 2015 et
617 1977 706 2034 quum
719 1957 855 2015 solemnia
867 1960 936 2016 vota

192 2038 354 2096 Reddeinus
369 2036 523 2114 Nymphis,
537 2040 567 2094 et
580 2057 669 2113 quum
681 2037 865 2095 lustrabimus
879 2057 970 2114 agros.

192 2117 273 2174 Dum
281 2117 353 2195 juga
365 2117 472 2174 montis
485 2135 559 2193 aper,
572 2116 673 2174 fluvios
687 2117 757 2174 dum
769 2116 853 2193 piscis
867 2117 983 2188 amabit,

192 2196 326 2274 Dumque
339 2198 442 2273 thymo
456 2199 607 2272 pascentur
620 2215 694 2273 apes,
709 2197 778 2254 dum
790 2217 852 2255 rore
866 2197 976 2267 cioadae,

193 2275 308 2353 Semper
321 2277 410 2334 honos
424 2295 583 2352 nomenque
596 2279 680 2333 tuum
693 2276 845 2353 laudesque
858 2277 1024 2335 manebunt.

192 2356 236 2414 Ut
250 2356 363 2414 Baccho
378 2355 536 2432 Cererique,
550 2355 604 2413 tibi
618 2356 657 2414 sic
671 2359 739 2413 vota
752 2357 905 2432 quotannis

191 2436 331 2513 Agricola
344 2435 465 2505 facient;
487 2435 633 2493 damnabis
647 2439 682 2493 tu
695 2449 805 2512 quoque
818 2435 902 2494 votis

232 2516 315 2574 Mor.
337 2516 406 2587 Quae
419 2515 482 2586 tibi,
497 2535 559 2591 quae
572 2515 624 2573 tali
637 2516 753 2573 reddam
766 2536 817 2591 pro
831 2515 953 2574 carmine
967 2511 1064 2572 dona?

193 2595 271 2652 Nam
284 2615 374 2672 neque
389 2615 434 2652 me
447 2597 564 2652 tantum
573 2594 714 2654 venientis
728 2595 825 2652 sibilus
840 2595 937 2665 austri,

193 2675 255 2733 Nec
268 2694 399 2752 pereussa
407 2673 512 2752 juvant
525 2675 616 2734 fluctu
628 2678 690 2733 tam
703 2675 796 2745 litora,
809 2695 861 2733 nec
875 2694 937 2751 quae

193 2755 311 2812 Saxosas
324 2755 400 2812 inter
413 2754 567 2812 decurrunt
580 2755 698 2812 flumina
710 2754 806 2812 valles

232 2834 317 2892 Mau.
339 2834 405 2892 Hac
418 2837 448 2892 te
461 2854 513 2892 nos
527 2834 622 2912 fragili
634 2834 802 2892 donabimus
816 2835 882 2891 ante
896 2833 998 2892 cicuta.

192 2913 265 2972 Haec
278 2934 339 2985 nos,
353 2913 525 2971 Formosum
538 2912 673 2992 Corydon
687 2914 804 2972 ardebat
817 2912 937 2971 Alexin:

193 2994 265 3051 Haec
279 2993 376 3051 eadem
390 2992 496 3063 docuit,
511 2991 616 3070 (iujum
629 2992 738 3071 pecus?
760 3014 796 3051 an
810 2991 963 3052 Meliboei?

231 3073 315 3131 Mor.
336 3073 378 3130 At
391 3075 425 3129 tu
439 3092 518 3130 sume
532 3073 645 3149 pedum,
659 3072 743 3150 quod,
757 3093 803 3131 me
817 3093 905 3150 quum
918 3092 991 3150 saepe
1004 3075 1132 3150 rogaret,

192 3153 261 3212 Non
274 3153 344 3211 tulit
357 3150 524 3228 Antigenes,
539 3155 569 3210 et
582 3155 643 3210 erat
656 3155 721 3210 tum
735 3153 837 3230 dignus
851 3153 948 3224 amari,

193 3234 363 3292 Formosum
376 3231 490 3309 paribus
504 3231 586 3290 nodis
600 3235 686 3311 atque
699 3253 762 3306 aere,
776 3232 916 3291 Menalca.
