2446 4260
466 210 608 254 AENEIDOS
621 211 684 253 ma.
698 210 741 253 11.

134 353 251 413 Saucius
265 355 296 412 at
309 372 422 430 serpens
435 353 550 413 sinuosa
561 354 707 413 volumina
718 355 822 425 versat,

133 433 315 511 Maeotisque
328 433 425 492 horret
439 434 572 511 squamis,
585 437 615 493 et
629 435 724 492 sibilat
737 454 785 492 ere

133 514 249 572 Arduus
262 513 426 590 insurgens:
447 514 496 571 illa
507 514 586 572 haud
598 514 692 572 minus
705 516 790 591 urget
804 513 914 571 obunco

133 594 308 652 Luctantem
321 597 430 665 restr03
451 593 536 651 simul
548 593 655 653 aethera
667 594 797 652 verberat
810 593 878 650 alis:

133 673 223 731 Haud
236 672 319 731 aliter
330 673 454 750 praedam
468 673 622 732 Tiburtum
636 694 670 732 ex
683 673 796 750 agmine
809 672 939 731 Tarchon

133 752 237 811 Pertat
251 772 346 811 ovans.
386 753 476 811 Ducis
490 753 651 831 exemplum
664 756 853 829 eventumque
866 751 957 811 secuti

133 832 284 890 Maenidae
297 833 457 891 incurrunt.
498 832 573 890 Tum
586 834 654 891 fatis
667 833 781 891 debitus
794 834 905 890 Arruns

132 911 267 970 Velocem
276 911 371 988 jaculo
385 915 414 971 et
427 912 520 970 multa
532 913 609 990 prior
622 915 683 970 arte
698 912 848 970 Camillam

133 991 252 1064 Circuit,
266 995 303 1063 et,
318 1013 379 1068 quae
393 992 432 1050 sit
445 992 560 1050 fortuna
572 992 714 1065 facillima,
728 994 832 1051 tentat.

132 1071 197 1143 Qua
210 1092 240 1130 se
254 1092 373 1148 cumque
386 1072 482 1130 furens
495 1072 588 1130 medio
601 1071 672 1130 tulit
685 1072 799 1149 agmine
812 1071 903 1148 virge,

132 1150 198 1210 Hac
212 1153 322 1210 Arruns
335 1152 421 1223 subit,
436 1154 465 1209 et
478 1152 584 1210 tacitus
596 1150 719 1229 vestigia
730 1151 850 1209 lustrat:

133 1231 197 1303 Qua
210 1231 314 1289 victrix
326 1232 401 1290 redit
413 1231 471 1302 illa,
484 1231 639 1308 pedemque
652 1251 687 1289 ex
699 1231 782 1289 hoste
795 1233 932 1308 reportat,

133 1310 199 1369 Hac
208 1311 321 1389 juvenis
334 1311 435 1369 furtim
448 1311 549 1369 celeres
563 1311 714 1388 detorquet
727 1311 859 1368 habenas.

132 1390 198 1449 Hes
213 1391 315 1463 aditus,
324 1391 440 1468 jamque
453 1391 506 1450 hes
520 1391 623 1463 aditus,
637 1410 805 1468 omnemque
818 1391 945 1467 pererrat

134 1470 268 1547 Undique
281 1471 431 1528 circuitum
443 1496 449 1542 ;
470 1474 500 1529 et
513 1474 621 1529 certam
634 1471 729 1546 quatit
742 1470 887 1548 improbus
900 1469 1023 1526 hastam.

133 1548 222 1608 Forte
236 1569 313 1608 sacer
327 1550 439 1628 Cybeles
453 1550 599 1622 Chloreus,
614 1549 738 1627 olimque
751 1550 888 1621 sacerdes,

132 1628 260 1707 Insignis
272 1629 357 1708 lenge
371 1630 506 1708 Phrygiis
519 1630 647 1707 fulgebat
660 1630 692 1688 in
705 1629 800 1701 armis,

132 1708 375 1788 Spumantemque
388 1710 517 1788 agitabat
530 1730 652 1787 equum:
674 1729 758 1786 quem
770 1708 851 1787 pellis
864 1706 961 1767 ahenis

132 1788 171 1846 In
183 1789 312 1866 plumam
326 1791 449 1867 squamis
463 1809 531 1848 auro
544 1791 675 1848 conserta
687 1790 812 1866 tegebat.

132 1867 208 1945 Ipse,
222 1869 370 1947 peregrina
382 1868 524 1946 ferrugine
537 1869 628 1927 clarus
642 1872 672 1928 et
685 1873 772 1940 estre,

132 1948 247 2026 Spicula
259 1949 412 2027 torquebat
425 1948 515 2026 Lyeie
529 1949 671 2026 Gortynia
684 1968 788 2020 cernu;

131 2028 246 2087 Aureus
259 2049 294 2087 ex
306 2028 431 2088 humeris
445 2031 528 2086 senat
541 2049 631 2100 meus,
645 2031 674 2086 et
688 2048 771 2086 aurea
783 2026 845 2086 vati

132 2106 265 2180 Cassida3
285 2111 350 2166 tum
363 2129 490 2167 croceam
500 2108 734 2185 chlamydemque
744 2107 877 2184 sinusque
888 2106 1034 2183 crepantes

134 2185 287 2246 Carbasees
300 2188 378 2246 fulvo
391 2188 422 2246 in
435 2188 542 2247 nedum
556 2189 708 2266 eollegerat
721 2207 798 2259 aure,

133 2266 234 2325 Pietus
248 2287 300 2325 acu
312 2268 432 2340 tunicas,
445 2271 475 2326 et
488 2269 607 2327 barbara
618 2267 747 2345 tegmina
759 2287 881 2326 crurum.

133 2346 223 2405 Hune
236 2346 326 2424 virge,
340 2347 399 2406 sive
411 2351 446 2406 ut
458 2348 573 2426 templis
586 2348 744 2426 praefigeret
756 2367 835 2406 arma

134 2425 228 2497 Troia,
242 2427 354 2504 captive
368 2427 426 2486 sive
439 2430 474 2486 ut
487 2448 517 2487 se
529 2429 616 2486 ferret
628 2428 660 2485 in
673 2447 750 2499 aure,

133 2505 273 2564 Venatrix
286 2528 376 2565 unum
389 2527 424 2565 ex
437 2508 514 2566 omni
528 2507 681 2566 certamine
694 2527 799 2584 pugnae

135 2585 218 2644 Caeea
231 2587 416 2664 sequebatur3
435 2588 587 2664 totumque
599 2588 716 2644 incauta
727 2607 778 2664 per
791 2605 894 2663 agmen

134 2664 271 2725 Femineo
284 2667 384 2744 praedae
397 2669 427 2725 et
441 2666 594 2743 spoliorum
607 2665 724 2724 ardebat
737 2685 847 2723 amere:

134 2745 238 2803 Telum
251 2766 286 2804 ex
297 2746 407 2804 insidiis
421 2766 509 2823 quum
521 2746 639 2804 tandem
652 2748 779 2821 tempere
793 2746 877 2820 capte

135 2824 278 2898 Concitat,
292 2829 322 2884 et
335 2847 449 2904 superes
463 2830 574 2884 Arruns
588 2826 628 2884 sie
640 2844 709 2884 voce
722 2827 869 2902 precatur:

135 2908 152 2935 “
161 2905 277 2963 Summe
291 2905 384 2977 deum,
399 2907 490 2964 sancti
504 2909 599 2964 eustos
613 2905 736 2964 Soractis
750 2905 863 2982 Apelle,

134 2984 227 3056 Quem
240 2985 325 3061 primi
339 2986 465 3057 colimus,
478 2986 525 3044 cui
537 2985 637 3062 pineus
651 2985 734 3044 arder
747 3004 847 3043 acerve

135 3063 276 3136 Pascitur,
290 3069 320 3124 et
333 3066 458 3124 medium
471 3066 538 3124 freti
550 3065 658 3143 pietate
671 3064 830 3143 perignem

136 3143 266 3202 Cultores
280 3146 372 3204 multa
384 3145 538 3223 premimus
550 3145 673 3223 vestigia
686 3165 793 3221 pruna3

135 3224 190 3297 Da,
204 3229 293 3301 pater,
306 3226 361 3284 hee
375 3227 479 3283 nestris
493 3225 598 3284 aboleri
611 3225 730 3283 dedecus
744 3223 838 3293 armis,

136 3304 334 3381 Omnipotens.
375 3305 445 3363 Non
459 3305 582 3377 exuvias,
595 3305 719 3382 pulsaeve
732 3306 874 3380 tropaeum

134 3383 272 3460 Virginis,
286 3389 336 3443 aut
349 3384 438 3462 spolia
450 3383 509 3442 ulla
521 3388 604 3461 pete:
625 3384 697 3442 mihi
711 3386 805 3441 cetera
816 3381 930 3439 laudem

136 3463 228 3521 Facta
240 3465 348 3524 serent:
370 3465 431 3522 haee
445 3463 507 3522 dira
519 3485 582 3523 mee
596 3464 666 3522 dum
678 3463 793 3522 vulnere
806 3461 893 3538 pestis

136 3542 227 3600 Pulsa
240 3544 332 3616 cadat,
346 3545 452 3622 patrias
465 3545 595 3602 remeabo
608 3543 745 3621 inglorius
758 3541 872 3600 urbes.’'

135 3623 247 3696 Audiit,
262 3626 292 3681 et
305 3625 367 3682 veti
380 3624 506 3682 Phoebus
520 3623 666 3682 succedere
680 3626 791 3700 partem

134 3702 237 3761 Mente
251 3703 346 3775 dedit;
367 3708 478 3781 partem
491 3704 618 3762 volueres
632 3702 764 3780 dispersit
777 3701 808 3757 in
821 3719 911 3757 auras.

136 3782 277 3841 Sterncrit
291 3787 326 3841 ut
339 3784 436 3843 subita
447 3784 596 3842 turbatam
609 3785 701 3841 morte
716 3779 873 3850 Camillam,

133 3863 247 3920 Annuit
261 3863 370 3921 oranti:
391 3864 523 3922 reducem
535 3867 570 3921 ut
583 3861 675 3939 patria
688 3861 747 3918 alta
758 3859 876 3929 videret,

133 3942 203 4001 Non
217 3943 313 4016 dedit;
333 3943 419 4020 inque
431 3946 515 4002 netes
528 3963 628 4002 vocem
640 3944 749 4000 vertere
762 3939 900 4016 precellae.
