2446 4260
461 117 603 160 AENEIDOS
618 117 680 159 LIB.
694 117 752 158 VII.

132 257 275 317 Certatim
288 278 347 318 sese
360 257 465 318 Rutuli
477 260 665 318 exhortantur
677 258 708 317 in
722 277 808 317 arma.

132 339 223 397 Hunc
236 339 322 398 decus
336 339 482 417 egregium
495 339 592 398 forma
605 341 703 397 movet
717 340 803 415 atquc
811 338 941 416 juventas
954 364 962 412 ;

131 417 224 477 Hunc
237 419 315 477 atavi
327 439 416 496 reges,
430 419 507 477 hunc
520 419 602 478 claris
616 419 732 477 dextera
745 419 836 477 factis.

173 498 254 557 Dum
267 499 381 557 Turnus
395 498 520 557 Rutulos
533 498 635 557 animis
648 497 801 557 audacibus
814 498 923 576 implet,

133 577 247 637 Allecto
259 578 291 636 in
305 579 428 636 'l'eucros
441 578 552 657 Stygiis
565 599 594 637 se
608 578 734 637 concitat
748 577 808 637 alis.

134 658 207 716 Arte
220 678 295 717 nova
307 658 452 736 speculata
464 658 567 730 locum,
581 678 637 735 quo
651 657 735 716 litore
748 658 866 735 pulcher

135 736 251 796 Insidiis
265 758 404 814 cursuque
416 738 488 796 feras
501 737 631 816 agitabat
645 737 735 808 Iulus,

136 817 194 876 Hic
208 818 333 876 subitam
346 817 462 877 canibus
476 818 583 877 rabiem
597 816 718 895 Cocytia
730 816 812 894 virgo

136 896 252 975 Objicit,
266 901 296 956 et
309 900 379 956 noto
392 917 473 956 nares
487 897 631 974 contingit
645 897 738 966 odore,

136 976 180 1034 Ut
193 997 309 1036 cervum
322 977 453 1035 ardentes
467 981 603 1054 agerent:
624 996 688 1053 quae
700 976 793 1053 prima
805 975 935 1034 laborum

138 1055 229 1115 Causa
240 1057 306 1129 iirit,
318 1056 447 1133 belloque
461 1057 571 1115 animos
584 1056 713 1115 accendit
726 1059 862 1133 agrestes.

138 1135 244 1195 Cervus
257 1139 318 1195 erat
331 1136 424 1195 forma
435 1136 586 1214 praestanti
599 1138 629 1194 et
642 1135 773 1194 comibus
786 1135 897 1213 ingens,

137 1216 287 1294 Tyrrhidae
299 1215 379 1295 pueri
393 1236 478 1294 quem
490 1216 591 1274 matris
605 1216 641 1274 ab
654 1215 739 1273 ubere
751 1218 868 1293 raptum

137 1295 306 1369 Nutribant,
320 1295 521 1374 Tyrrheusque
534 1299 624 1373 pater,
638 1295 683 1353 cui
696 1294 775 1372 regia
786 1297 888 1372 parent

137 1375 285 1448 Armenta,
298 1378 329 1435 et
341 1376 400 1434 late
414 1375 544 1434 custodia
557 1375 665 1434 credita
677 1373 779 1451 campi.

136 1455 294 1514 Assuetum
306 1455 431 1533 imperiis
445 1476 524 1514 soror
533 1455 612 1514 omni
626 1453 714 1512 Silvia
727 1473 794 1512 cura

136 1534 276 1594 Mollibus
288 1534 418 1594 intexens
432 1536 552 1594 ornabat
566 1554 671 1593 cornua
684 1533 778 1605 certis,

137 1612 330 1693 Pectebatque
343 1615 444 1687 ferum,
456 1634 583 1693 puroque
596 1614 627 1672 in
640 1613 720 1672 fonte
733 1612 857 1672 lavabat.

137 1692 192 1753 Ille
205 1713 324 1753 manum
336 1693 456 1773 patiens,
469 1713 630 1771 mensaque
644 1695 773 1752 assuetus
786 1691 877 1764 herili,

138 1773 262 1833 Errabat
275 1773 353 1832 silvis
363 1798 371 1847 ;
389 1794 542 1851 rursusque
555 1773 592 1832 ad
604 1772 703 1831 limina
716 1775 786 1832 nota

138 1852 205 1931 Ipse
218 1854 337 1915 domum
350 1873 412 1913 sera
424 1853 553 1931 quamvis
567 1873 597 1912 se
609 1855 694 1912 nocte
708 1853 825 1911 ferebat.

138 1932 227 1992 Hunc
240 1932 339 2012 procul
351 1936 495 1993 errantem
507 1932 613 1992 rabidae
626 1932 757 1991 venantis
772 1931 830 1989 Iuli

140 2011 325 2072 commovere
337 2032 428 2086 canes,
441 2012 529 2071 fluvio
543 2033 632 2089 quum
644 2012 718 2070 forte
731 2011 855 2071 secundo

139 2091 294 2165 Deflueret,
307 2092 423 2171 ripaque
436 2098 522 2152 aestus
534 2091 676 2150 viridante
688 2091 804 2150 levaret.

139 2170 204 2250 Ipse
218 2172 316 2245 etiam,
330 2173 440 2232 eximiae
452 2172 544 2230 laudis
557 2192 707 2231 succensus
721 2191 824 2243 amore,

139 2252 278 2313 Ascanius
291 2272 378 2312 curvo
392 2252 495 2311 direxit
509 2252 617 2331 spicula
629 2272 733 2311 cornu:

137 2331 168 2390 N
168 2353 200 2391 ec
214 2333 324 2392 dextrae
337 2333 443 2391 erranti
456 2332 525 2390 deus
539 2333 627 2391 afuit:
648 2334 766 2408 actaque
779 2328 872 2388 multo

138 2410 250 2488 Perque
262 2415 377 2470 uterum
390 2412 488 2471 sonitu
501 2432 605 2489 perque
618 2411 667 2469 ilia
680 2410 759 2469 venit
774 2410 890 2467 arundo.

138 2491 256 2551 Saucius
270 2495 301 2550 at
315 2492 473 2569 quadrupes
486 2494 556 2550 nota
568 2491 645 2549 intra
657 2492 736 2548 tecta
748 2488 865 2566 refugit,

137 2571 336 2648 Successitque
348 2591 465 2649 gemens
479 2570 608 2642 stabulis,
622 2572 780 2646 questuque
793 2569 927 2626 cruentus

137 2652 236 2728 Atque
249 2650 415 2728 imploranti
428 2650 527 2709 similis
540 2653 652 2709 tectum
665 2668 749 2706 omne
762 2648 897 2724 replebat.

136 2730 227 2790 Silvia
238 2730 332 2809 prima
344 2751 431 2802 soror,
444 2730 545 2808 palmis
558 2748 690 2807 percussa
701 2729 831 2799 lacertos,

137 2810 288 2869 Auxilium
300 2814 384 2869 vocat
398 2813 428 2869 et
441 2809 526 2868 duros
540 2808 699 2868 conclamat
712 2811 847 2886 agrestes.

139 2891 206 2963 Olli,
218 2889 308 2968 pestis
322 2890 398 2949 enim
410 2889 508 2948 tacitis
520 2891 593 2947 latet
606 2908 704 2965 aspera
717 2886 803 2958 silvis,

139 2969 295 3048 Improvisi
306 2969 426 3028 adsunt:
447 2969 494 3028 bic
507 2972 585 3028 torre
598 2971 725 3026 armatus
739 2967 850 3036 obust0,

140 3051 254 3128 Stipitis
267 3049 315 3108 hic
328 3049 438 3128 gravidi
451 3048 549 3107 nodis:
571 3048 647 3125 quod
660 3047 760 3124 cuique
772 3047 917 3123 repertum

140 3129 281 3201 Rimanti,
293 3129 386 3188 telum
398 3128 441 3186 ira
453 3128 530 3186 facit.
571 3127 664 3186 Vocat
677 3125 792 3204 agmina
804 3125 958 3204 Tyrrheus,

141 3209 334 3282 Quadrifidam
349 3228 483 3286 quercum
498 3207 593 3266 cuneis
607 3210 637 3266 et
650 3206 725 3265 forte
738 3206 842 3264 coactis

141 3288 303 3360 Scindebat,
317 3292 400 3366 rapta
412 3289 521 3366 spirans
534 3287 659 3344 immane
672 3285 771 3344 securi.

141 3369 183 3428 At
196 3389 272 3428 soeva
285 3390 300 3428 e
313 3368 433 3446 speculis
446 3371 560 3444 tempus
575 3367 627 3424 dea
639 3369 725 3425 nacta
736 3363 856 3424 nocendi

141 3449 240 3507 Ardua
252 3451 331 3507 tecta
343 3447 418 3527 petit
431 3447 545 3519 stabuli,
559 3450 589 3505 et
602 3446 637 3504 de
651 3445 774 3504 culmine
788 3462 899 3502 summo

142 3527 288 3588 Pastorale
302 3528 379 3587 canit
393 3528 516 3606 signum,
530 3546 673 3601 cornuque
685 3544 802 3584 recurvo

143 3607 308 3667 Tartaream
321 3608 447 3666 intendit
459 3627 575 3666 vocem:
598 3625 654 3682 qua
666 3608 802 3681 protenus
816 3621 900 3661 omne

143 3687 324 3747 Contremuit
338 3708 447 3759 nemus,
460 3690 490 3745 et
504 3686 583 3744 silvae
595 3685 745 3742 intonuere
757 3682 913 3759 profunda,

143 3768 245 3826 Audiit
258 3770 288 3827 et
302 3767 406 3824 Trivia
417 3767 503 3844 longe
516 3766 612 3838 lacus;
634 3763 726 3824 audiit
739 3762 833 3823 amnis

134 3845 262 3903 Sultiuea
273 3847 340 3904 Nar
351 3848 434 3906 albus
447 3867 523 3925 aqua
536 3847 695 3930 fontesque
707 3845 830 3917 Velini3
