2446 4260
464 239 608 283 AENEIDOS
621 239 684 282 m.
697 240 742 282 VI.

135 384 258 463 Corpora
270 384 418 455 debentur,
432 383 544 442 Lethaei
557 383 593 442 ad
605 381 731 441 fluminis
744 382 851 441 undam

133 465 250 524 Securos
263 464 361 523 latices
375 467 405 522 et
417 463 504 541 longa
517 462 621 521 oblivia
632 465 745 540 potant.

132 545 194 604 Has
208 545 339 622 equidem
351 563 507 602 memorare
519 543 575 602 tibi
588 546 674 620 atque
687 542 834 601 ostendere
848 561 952 614 coram,

132 625 153 692 J
153 625 310 702 ampridem
323 624 396 682 hano
409 624 518 701 prolem
531 623 615 700 cupio
628 641 792 680 enumerare
804 641 948 681 meorum:

133 706 195 777 Quo
208 705 301 782 magis
314 702 402 762 Italia
414 723 526 762 mecum
538 703 636 766 laetere
648 705 769 780 reperta.

132 785 156 843 0
169 787 261 862 pater,
275 803 348 842 anne
361 782 467 860 aliquas
481 783 518 841 ad
531 783 636 841 coelum
648 782 716 840 hinc
729 782 770 839 ire
783 782 944 857 putandum
959 784 1004 841 est

132 865 273 924 Sublimes
287 863 403 935 animas,
417 863 578 938 iterumque
590 862 622 919 in
635 862 718 920 tarda
730 862 836 919 reverti

132 941 281 1022 Corpora?
303 962 365 1020 quae
379 943 450 1001 lucis
463 942 573 1001 miseris
586 944 648 1000 tam
662 942 723 999 dira
736 939 863 1018 cupido?

132 1024 236 1083 Dicam
249 1023 396 1101 equidem3
416 1042 468 1081 nec
481 1026 512 1081 te
525 1041 702 1098 suspensum,
715 1024 791 1093 nate,
804 1021 909 1081 tenebo
917 1021 946 1081 :'’

133 1103 257 1182 Suscipit
270 1102 418 1175 Anchises,
433 1105 519 1180 atque
533 1101 631 1160 ordine
644 1101 757 1179 singula
769 1101 879 1178 pandit.

171 1182 342 1260 “Principio
356 1182 460 1241 coelum
473 1203 505 1240 ao
517 1185 617 1252 terras,
630 1200 799 1258 camposque
811 1180 962 1258 liquentes,

134 1263 349 1340 Lucentemque
361 1262 479 1340 globum
493 1261 584 1319 Lunae
598 1260 768 1338 Titaniaque
782 1263 867 1332 astra,

134 1343 258 1421 Spiritus
270 1343 350 1400 intus
363 1342 424 1414 alit,
437 1344 587 1417 totamque
599 1341 694 1398 infusa
706 1360 757 1417 per
770 1343 849 1398 artus

133 1423 218 1482 Mens
233 1422 326 1500 agitat
338 1422 452 1494 molem,
466 1424 496 1480 et
509 1441 614 1498 magno
628 1441 657 1479 se
671 1440 786 1497 corpore
798 1420 909 1478 miscet.

133 1502 206 1561 Inde
219 1502 369 1560 hominum
382 1502 578 1579 pecudumque
591 1521 690 1578 genus,
703 1501 827 1577 vitaeque
838 1500 998 1572 volantum,

134 1583 175 1640 Et
189 1601 252 1659 quae
266 1601 423 1640 marmoreo
436 1582 493 1640 fert
505 1584 635 1639 monstra
647 1580 701 1638 sub
714 1599 825 1656 aequore
837 1582 953 1657 pontus.

133 1662 242 1739 Igneus
257 1665 300 1720 est
314 1661 376 1719 ollis
389 1661 472 1738 vigor
484 1664 515 1719 et
526 1660 650 1721 ooelestis
664 1660 744 1737 origo

134 1741 304 1813 Seminibus,
319 1743 458 1818 quantum
471 1761 529 1799 non
542 1740 627 1799 noxia
640 1759 758 1817 corpora
769 1738 896 1810 tardant,

133 1821 305 1899 Terrenique
318 1820 456 1879 hebetant
470 1824 548 1878 artus
562 1819 785 1897 moribundaque
797 1819 933 1877 membra.
984 1817 1080 1896 [auras

133 1901 213 1960 Hinc
238 1903 382 1974 metuunt,
406 1901 600 1979 cupiuntque;
630 1899 736 1971 dolent,
760 1899 960 1976 gaudentque3
989 1919 1081 1976 neque

133 1980 305 2060 Despiciunt
319 1981 420 2039 clausae
434 1981 559 2039 tenebris
573 1982 603 2038 et
616 1999 725 2037 carcere
738 1999 820 2037 caeco.

136 2061 212 2133 Quin
226 2064 256 2118 et
270 2080 401 2138 supremo
414 2080 503 2138 quum
516 2059 623 2118 lumine
636 2059 698 2117 vita
710 2058 834 2135 reliquit,

134 2139 202 2199 Non
215 2143 315 2198 tamen
328 2161 411 2199 omne
424 2140 532 2198 malum
545 2139 663 2210 miseris,
677 2158 729 2197 neo
742 2138 871 2196 funditus
885 2158 983 2197 omnes

136 2220 283 2297 Corporeae
296 2221 436 2279 excedunt
448 2223 558 2297 pestes3
578 2219 748 2296 penitusque
761 2238 873 2276 necesse
886 2221 930 2277 est

135 2300 233 2358 Multa
247 2300 296 2357 diu
309 2303 441 2358 concreta
453 2300 546 2358 modis
558 2299 711 2358 inolescere
723 2297 812 2356 miris.

136 2379 216 2458 Ergo
230 2383 396 2438 exercentur
408 2378 509 2456 poenis,
521 2381 707 2456 veterumque
719 2377 860 2436 malorum

137 2459 281 2537 Supplicia
293 2460 465 2536 expendunt.
505 2459 581 2517 Alia
594 2458 759 2535 panduntur
772 2456 869 2516 inanes

136 2539 285 2616 Suspensas
299 2539 336 2597 ad
348 2542 467 2610 ventos;
488 2537 549 2596 aliis
563 2539 616 2596 sub
630 2538 746 2615 gurgite
758 2541 841 2596 vasto

136 2619 283 2677 Infectum
297 2618 404 2676 eluitur
416 2617 515 2690 scelus,
529 2621 580 2676 aut
594 2617 723 2676 exuritur
735 2616 813 2694 igni;

137 2698 263 2774 Quisque
276 2719 341 2756 suos
354 2697 481 2774 patimur
494 2718 608 2768 manes;
628 2696 728 2755 exinde
741 2695 931 2772 peramplum

136 2779 287 2836 Mittimur
300 2778 441 2855 Elysium,
455 2780 485 2836 et
498 2777 581 2854 pauci
593 2777 662 2834 laeta
674 2796 742 2834 arua
753 2778 884 2834 tenemus
896 2800 903 2834 :

136 2858 236 2917 Donec
249 2858 337 2935 longa
349 2858 417 2929 dies,
430 2858 555 2934 perfecto
567 2856 705 2933 temporis
718 2855 794 2927 orbe,

137 2937 307 2996 Concretam
320 2937 425 2996 exemit
438 2937 540 3010 labem,
554 2955 714 3013 purumque
726 2934 842 3012 reliquit

137 3017 302 3076 AEtherium
315 3037 438 3087 sensum,
452 3020 538 3093 atque
551 3024 631 3075 aurai
645 3015 780 3093 simplicis
793 3014 899 3092 ignem.

136 3097 199 3156 Has
213 3117 320 3168 omnes,
334 3097 384 3154 ubi
396 3096 474 3155 mille
487 3099 582 3155 rotam
594 3095 707 3154 volvere
720 3115 771 3173 per
784 3114 882 3165 annos,

137 3175 289 3236 Lethaeum
303 3177 339 3234 ad
350 3176 472 3235 fluvium
484 3177 553 3235 deus
566 3178 666 3235 evocat
679 3175 793 3253 agmine
805 3194 927 3251 magno:

138 3257 251 3315 Scilicet
263 3257 452 3329 immemores,
466 3276 568 3333 supera
580 3258 614 3313 ut
628 3274 752 3314 convexa
764 3254 889 3312 revisant

137 3335 257 3408 Rursus,
271 3339 301 3395 et
314 3336 453 3413 incipiant
466 3336 498 3392 in
511 3355 628 3413 corpora
640 3335 712 3393 velle
724 3333 860 3392 reverti.''

138 3414 258 3475 Dixerat
270 3416 426 3487 Anchisem
446 3418 603 3493 natumque
616 3434 729 3491 unaque
742 3413 881 3491 Sibyllam

139 3493 304 3554 Conventus
317 3496 408 3554 trahit
421 3496 453 3552 in
466 3495 583 3566 medios,
596 3495 766 3570 turbamque
780 3497 945 3551 sonantem:

138 3574 178 3634 Et
190 3575 339 3634 tumulum
352 3576 437 3652 capit,
451 3575 527 3633 unde
541 3594 639 3633 omnes
652 3574 739 3650 longo
753 3573 851 3631 ordine
864 3570 955 3649 possit

139 3655 280 3714 Adversos
293 3655 395 3732 legere,
409 3659 438 3714 et
452 3654 618 3713 venientum
631 3654 737 3712 discere
749 3652 857 3710 urltus.

176 3740 193 3766 “
202 3735 291 3793 Nunc
304 3754 366 3812 age,
380 3735 555 3793 Dardaniam
567 3733 677 3811 prolem
690 3752 753 3810 quae
767 3731 868 3789 deinde
881 3729 1017 3807 sequatur

140 3813 246 3887 Gloria,
260 3814 310 3893 qui
322 3817 457 3873 maneant
470 3813 548 3872 Itala
561 3814 596 3872 de
609 3816 696 3890 gente
709 3813 835 3888 nepotes,

140 3891 271 3954 Illustres
284 3894 400 3965 animas,
413 3896 601 3972 nostrumque
613 3893 644 3952 in
657 3911 764 3952 nomen
775 3891 879 3968 ituras,

130 3971 286 4048 Erpediarn
301 3973 393 4047 dictis,
407 3977 440 4032 et
453 3977 483 4033 te
496 3977 549 4034 tua
560 3975 625 4036 fata
637 3975 759 4038 docebo.
