2446 4260
200 207 239 266 86
503 224 530 265 r.
544 223 685 266 vmemrr
698 223 840 267 morus

199 365 304 442 Eripe:
324 386 383 424 non
394 365 451 424 illis
464 365 614 444 quisquam
627 366 828 426 cunctantibus
841 368 934 426 altum

199 445 247 504 Ire
259 446 322 518 iter,
338 449 389 504 aut
402 446 502 505 castris
516 447 632 505 audebit
644 446 745 506 vellere
759 447 849 524 signa.

199 524 331 583 Invitent
344 526 447 585 croceis
459 526 590 586 halantes
603 526 720 586 fioribus
733 526 820 598 horti,

199 604 242 662 Et
255 608 351 664 custos
363 605 460 664 furum
473 608 560 682 atque
572 606 669 664 avium
682 626 749 664 oum
761 606 832 665 falce
846 605 956 684 saligna

198 684 423 762 Hellespontiaci
436 689 529 745 servet
541 686 635 744 tutela
648 686 753 763 Priapi.

199 764 266 841 Ipse
278 765 414 843 thymum
427 766 563 843 pinosque
575 766 667 824 ferens
680 767 715 824 de
728 764 875 824 montibus
888 765 956 825 altis

198 844 288 903 Tecta
300 847 376 903 serat
387 845 445 904 late
458 844 573 916 circum,
587 846 634 904 oui
645 845 716 904 talia
728 864 803 903 curre
816 869 823 916 ;

199 923 266 1000 Ipse
279 923 374 983 labore
386 944 504 983 manum
518 924 589 984 duro
602 928 679 983 terat
690 950 697 996 ;
716 925 776 1003 ipse
790 925 895 983 feraces

199 1003 287 1081 Figat
299 1004 388 1063 humo
401 1005 522 1082 plantas,
535 1007 565 1063 et
578 1004 683 1063 amicos
695 1004 795 1083 irriget
807 1005 921 1062 imbres.

237 1084 335 1159 Atque
348 1084 487 1160 equidem,
499 1086 626 1142 extremo
638 1084 670 1142 ni
678 1084 740 1162 jam
752 1084 806 1143 sub
819 1084 876 1142 fine
888 1082 1018 1142 laborum

199 1163 270 1222 Vela
281 1163 404 1236 traham,
417 1167 447 1222 et
459 1163 542 1222 terris
555 1163 687 1223 festinem
700 1165 846 1222 advertere
857 1183 981 1240 proram,

199 1242 333 1302 Forsitan
347 1246 385 1316 et,
398 1244 518 1321 pingues
531 1244 631 1302 hortos
645 1263 708 1320 quae
722 1263 791 1302 cura
803 1243 915 1302 colendi

200 1322 329 1396 Omaret,
343 1343 480 1394 canerem,
493 1323 631 1399 biferique
643 1323 749 1381 rosaria
762 1323 869 1395 Paesti;

200 1402 318 1478 Quoque
331 1403 416 1462 modo
428 1402 504 1480 potis
517 1402 675 1481 gauderent
687 1402 790 1461 intuba
802 1402 880 1475 rivis,

199 1481 242 1540 Ilt
254 1482 357 1541 virides
370 1483 434 1560 apio
447 1483 524 1560 ripas,
536 1484 688 1558 tortusque
700 1501 751 1559 per
763 1483 882 1540 herbam

200 1560 344 1620 cresceret
356 1562 387 1620 in
400 1565 530 1621 ventrem
543 1563 687 1634 cucumis3
707 1581 760 1620 neo
773 1581 835 1620 sera
847 1564 1010 1620 comantem

199 1641 375 1715 Narcissum,
389 1644 441 1701 aut
453 1642 519 1700 flexi
531 1642 684 1700 tacuissem
696 1642 792 1700 vimen
805 1641 929 1713 acanthi,

199 1720 398 1799 Pallentesque
410 1721 536 1794 hederas,
550 1725 580 1780 et
593 1725 721 1780 amantes
733 1722 818 1780 litora
830 1724 941 1799 myrtos

199 1800 333 1877 Namque
346 1803 399 1861 sub
413 1801 532 1860 OEbalire
546 1801 663 1860 memini
675 1821 721 1859 me
733 1801 862 1859 turribus
875 1801 956 1874 arcis,

200 1880 265 1951 Qua
273 1880 354 1958 niger
365 1881 515 1940 humectat
527 1881 662 1939 flaventia
675 1879 754 1939 culta
768 1881 907 1954 Galaesus,

200 1959 352 2038 Corycium
364 1961 467 2020 vidisse
480 1981 584 2033 senem,
598 1961 644 2019 cui
657 1981 746 2037 pauca
757 1959 851 2019 relicti

200 2039 222 2097 J
222 2059 310 2118 ugera
321 2040 395 2098 ruris
408 2044 506 2113 erant;
525 2061 577 2099 nec
590 2040 692 2099 fertilis
705 2040 755 2098 illa
764 2038 901 2119 juvencis,

199 2119 263 2178 Neo
275 2119 368 2197 pecori
381 2124 541 2198 opportuna
554 2140 634 2198 seges
647 2140 699 2178 neo
712 2120 860 2178 commoda
872 2119 996 2178 Baccho.

199 2198 259 2258 Hic
272 2219 368 2258 rarum
380 2203 478 2259 tamen
491 2201 521 2257 in
532 2200 626 2258 dumis
639 2200 702 2258 olus
716 2199 834 2275 albaque
848 2199 955 2256 circum

200 2278 275 2337 Lilia
286 2280 476 2356 verbenasque
488 2299 619 2357 premens
631 2299 802 2355 vescumque
814 2297 946 2356 papaver,

200 2358 315 2436 Regum
328 2361 457 2436 aequabat
470 2379 536 2436 opes
551 2359 669 2431 animis;
689 2378 805 2434 seraque
818 2361 962 2417 revertens

199 2437 294 2497 Nocte
307 2439 425 2498 domum
438 2440 556 2516 dapibus
569 2459 680 2497 mensas
694 2439 828 2497 onerabat
840 2437 964 2496 incmtis.

200 2516 314 2576 Primus
326 2538 392 2577 vere
404 2539 498 2577 rosam
511 2522 597 2595 atque
607 2522 762 2576 auctumno
776 2537 888 2594 carpere
901 2537 994 2594 poma,

200 2597 251 2670 Et,
265 2618 353 2675 quum
365 2599 457 2656 tristis
469 2599 561 2657 hiems
575 2599 662 2657 etiam
675 2618 751 2655 nunc
764 2597 868 2675 frigore
882 2616 949 2655 saxa

199 2676 366 2754 Rumperet‚
380 2682 410 2737 et
423 2678 512 2756 glacie
526 2698 624 2736 cursus
637 2678 760 2736 frenaret
773 2697 918 2753 aquarum,

199 2756 253 2815 Ille
267 2778 375 2816 comam
389 2758 481 2816 mollis
491 2759 551 2835 jam
564 2757 703 2816 tondebat
720 2755 879 2834 hyacinthi,

199 2836 527 2914 AEstatemincrepitans
540 2857 632 2895 seram
645 2837 837 2915 zephyrosque
850 2838 1003 2894 morantes.

199 2916 279 2993 Ergo
292 2917 390 2993 apibus
403 2917 469 2975 setis
482 2918 558 2976 idem
571 2920 656 2994 atque
670 2917 796 2975 examine
809 2916 901 2973 multo

199 2995 313 3054 Primus
327 2997 477 3068 abundare,
487 3000 517 3055 et
531 2997 692 3073 spumantia
705 3016 804 3074 cogere
816 2994 919 3072 pressis

199 3075 289 3134 Mella
301 3075 389 3149 favis;
408 3076 450 3133 illi
462 3076 532 3134 tiliae
546 3080 631 3154 atque
644 3076 786 3135 uberrima
798 3075 899 3153 pinus;

200 3155 332 3233 Quotque
344 3156 375 3213 in
387 3155 456 3214 flore
468 3176 542 3215 novo
555 3156 647 3233 pomis
661 3176 690 3214 se
703 3155 804 3214 fertilis
817 3155 899 3213 arbos

199 3234 346 3308 Induerat,
358 3236 481 3294 totidem
494 3239 648 3294 auctumno
660 3237 774 3293 matura
782 3235 908 3292 tenebat.

199 3314 254 3373 Ille
267 3315 355 3374 etiam
368 3335 442 3373 seras
455 3316 486 3373 in
497 3335 611 3374 versum
625 3314 737 3373 distulit
750 3315 851 3385 ulmos,

199 3395 381 3471 Ilduramque
394 3395 488 3472 pirum
501 3398 531 3454 et
544 3395 639 3472 spinos
649 3396 709 3472 jam
723 3414 814 3472 prima
826 3394 958 3464 ferentes,

200 3473 323 3550 Jamque
336 3474 547 3532 ministrantem
559 3475 708 3551 platanum
720 3473 886 3551 potantibus
899 3473 1024 3532 umbras.

200 3554 308 3612 Verum
320 3554 381 3613 haeo
394 3553 455 3630 ipse
468 3554 607 3630 equidem,
622 3554 721 3631 spatiis
735 3554 866 3612 exclusus
884 3552 990 3630 iniquis

201 3633 352 3706 Praetereo,
366 3637 452 3711 atque
465 3634 526 3691 aliis
538 3637 605 3710 post
618 3654 664 3692 me
677 3633 858 3692 memoranda
871 3632 1009 3709 relinquo.

239 3714 327 3772 Nunc
340 3733 401 3791 age,
413 3718 530 3772 naturas
543 3714 642 3791 apibus
655 3733 725 3790 quas
739 3713 855 3790 Jupiter
867 3712 927 3789 ipse

200 3793 330 3865 Addidit,
343 3793 497 3870 expediam,
510 3813 561 3870 pro
576 3812 632 3870 qua
643 3794 779 3864 mercede,
793 3812 909 3850 canoros

202 3871 340 3931 Curetum
353 3874 463 3932 sonitus
476 3873 699 3950 crepitantiaque
712 3893 768 3931 aera
782 3874 895 3945 secutae,

200 3950 314 4011 Dictaeo
327 3954 390 4012 coeli
402 3973 500 4031 regem
512 3973 613 4031 pavere
627 3952 680 4011 sub
693 3956 785 4011 antro.
