2446 4260
196 212 215 267 8
498 227 836 271 norcomannorum

197 368 335 445 Excipere
348 368 465 440 insidiis,
479 371 604 428 multum
617 370 741 429 latrante
755 369 901 448 Lycisca?

197 449 240 507 nt
254 469 342 524 quum
355 449 521 508 clamarem:
543 455 560 480 “
569 451 632 522 Quo
645 470 722 509 nunc
735 469 765 508 se
778 451 898 528 proripit
911 452 984 512 ille?

197 528 307 604 Tityre,
321 549 390 606 coge
403 530 517 605 pecus,”
532 531 566 587 tu
580 534 646 606 post
660 533 772 588 carecta
784 531 901 590 latebas.

238 608 325 666 ΒΑΜ.
345 610 394 666 An
407 609 479 667 mihi
492 609 633 667 cantando
646 609 749 680 victus,
762 631 820 668 non
833 611 963 671 redderet
975 613 1032 687 ille,

198 687 290 759 Quem
303 708 366 747 mea
379 688 549 747 carminibus
562 689 711 748 memisset
723 689 829 760 fistula,
843 711 959 767 caprum
971 691 983 752 F

200 767 231 825 Si
243 767 342 838 nescis,
356 788 436 827 meus
449 769 496 827 ille
512 789 594 846 caper
608 768 680 841 fuit;
700 769 816 827 etmihi
829 769 943 829 Damon

200 847 268 926 Ipse
280 847 433 920 fatebatur,
446 849 496 907 sed
509 849 624 907 reddere
637 868 719 925 posse
732 849 865 927 negabat.

240 928 326 985 Mau.
348 927 496 986 Cantando
509 932 544 986 tu
557 928 662 987 illum?
683 931 734 986 aut
747 948 872 1005 unquam
885 929 941 990 tibi
954 931 1051 990 fistula
1063 952 1130 991 cera

201 1007 223 1064 J
223 1011 310 1066 uncta
322 1007 402 1066 sirit?
422 1027 479 1066 non
493 1015 528 1066 tu
540 1008 571 1065 in
584 1008 685 1077 triviis,
700 1008 823 1080 indocte,
838 1009 946 1068 solebas

198 1087 338 1146 Stridenti
350 1087 484 1145 miserum
498 1087 605 1164 stipula
617 1088 776 1164 disperdere
789 1088 926 1148 carmen?

238 1166 325 1225 ΒΑΜ.
345 1166 397 1224 vis
410 1187 477 1245 ergo
491 1167 639 1238 internos,
653 1167 723 1244 quid
734 1167 825 1245 possit
838 1171 966 1246 uterque,
979 1169 1106 1229 uicissim

200 1246 413 1323 Experiamur?
433 1267 486 1324 ego
500 1248 573 1309 hanc
586 1247 708 1305 vitulam
725 1247 774 1323 (ne
786 1246 861 1306 forte
874 1268 993 1322 recuses,

200 1326 253 1384 Bis
266 1327 346 1385 venit
360 1327 395 1384 ad
408 1327 569 1397 mulctram,
583 1327 665 1385 binos
678 1327 730 1385 alit
743 1328 829 1385 ubere
842 1328 931 1404 fetus)

199 1405 336 1483 Depon03
356 1409 391 1464 tu
403 1407 457 1478 dic,
471 1426 581 1465 mecum
596 1426 652 1485 quo
665 1407 784 1484 pignore
798 1410 897 1466 certes.

239 1487 325 1545 Man.
346 1485 392 1544 De
404 1506 491 1564 grege
504 1506 562 1545 nou
576 1486 667 1544 ausim
680 1486 834 1563 quidquam
847 1487 985 1564 deponere
999 1490 1096 1547 tecum
1107 1515 1114 1563 ;

202 1567 258 1624 Est
271 1565 344 1624 mihi
356 1586 478 1642 namque
491 1567 569 1625 domi
581 1571 671 1643 pater,
686 1570 729 1624 est
743 1567 850 1644 injusta
862 1587 999 1639 noverca3

202 1646 309 1725 Bisque
323 1646 368 1704 die
380 1650 533 1704 numerant
544 1647 629 1705 ambo
642 1666 736 1723 pecus,
751 1645 866 1704 alteret
879 1648 985 1705 haedos.

200 1726 316 1798 Verum,
331 1727 361 1784 id
374 1726 450 1802 quod
463 1727 555 1784 multo
569 1730 634 1785 tute
646 1725 706 1802 ipse
719 1726 843 1784 fatebere
856 1727 957 1806 majus,

202 1806 331 1865 Insanire
344 1806 415 1864 libet
428 1805 562 1883 quoniam
575 1804 638 1876 tibi,
651 1805 754 1883 pocula
765 1825 870 1882 ponam

202 1887 320 1965 Fagina,
334 1885 466 1944 caelatum
480 1885 569 1943 divini
582 1906 653 1963 opus
667 1885 881 1958 Alcimedontis,

201 1967 296 2024 Lenta
308 1966 410 2044 quibus
423 1968 508 2023 torno
521 1965 597 2024 facili
610 1965 791 2042 superaddita
802 1965 871 2023 vitis

201 2046 327 2104 Diffusos
340 2045 445 2104 hedera
456 2045 545 2103 vestit
558 2045 682 2123 pallente
695 2045 853 2122 corymbos

201 2127 239 2184 In
253 2126 345 2184 medio
359 2124 415 2182 duo
429 2124 519 2202 signa,
534 2125 642 2197 Conon,
656 2130 686 2184 et
700 2126 762 2202 quis
776 2125 832 2182 fuit
846 2125 925 2197 alter,

201 2205 360 2283 Descripsit
373 2204 451 2263 radio
465 2209 561 2263 totum
576 2206 624 2282 qui
637 2205 772 2282 gentibus
786 2205 891 2276 orbem,

202 2287 343 2363 Tempora
355 2305 417 2362 quae
430 2304 545 2355 messor,
560 2305 623 2362 quae
636 2305 738 2343 curvus
752 2287 846 2342 arator
859 2283 1000 2343 haberet?

202 2367 334 2425 Necdum
347 2364 402 2422 illis
415 2364 494 2422 labra
507 2365 629 2435 admovi,
643 2364 692 2422 sed
706 2364 821 2422 condita
834 2383 925 2422 servo.

240 2445 326 2503 ΒΑΜ.
347 2445 389 2502 Et
402 2444 484 2502 nobis
497 2444 571 2503 idem
586 2444 755 2502 Alcimedon
768 2463 824 2520 quo
836 2444 938 2520 pocula
950 2443 1027 2515 fecit,

200 2526 243 2584 Et
257 2525 335 2584 molli
348 2524 454 2583 circum
468 2527 512 2581 est
526 2545 606 2582 ansas
620 2524 765 2600 amplexus
779 2524 911 2595 acantho,

203 2605 371 2682 Orpheaque
383 2603 414 2660 in
427 2603 520 2662 medio
534 2605 629 2680 posuit
643 2604 782 2679 silvasque
796 2606 961 2680 sequentes3

201 2685 334 2744 Necdum
346 2683 402 2742 illis
415 2683 494 2742 labra
507 2684 628 2752 admovi,
642 2684 692 2742 sed
705 2684 820 2741 condita
833 2703 922 2742 servo.

201 2765 233 2823 Si
245 2765 282 2823 ad
293 2763 416 2822 vitulam
429 2766 548 2841 spectas,
561 2764 634 2822 nihil
647 2767 699 2833 est,
714 2764 790 2840 quod
803 2763 906 2840 pocula
917 2762 1024 2820 laudes.

240 2845 326 2903 Mna.
357 2843 514 2920 Nunquam
543 2844 627 2902 hodie
654 2844 790 2921 effiagies3
819 2844 940 2913 veniam,
967 2861 1148 2920 quocumque

396 2942 513 2981 vocans.

200 3004 309 3063 Audiat
321 3003 383 3061 haec
396 3006 521 3075 tantum,
534 3002 580 3061 vel
594 3002 642 3079 qui
655 3003 743 3074 venit,
757 3022 828 3074 ecce,
843 3002 1006 3075 Palaem0n3

202 3085 341 3156 Efficiam,
353 3083 473 3160 posthac
486 3103 522 3140 ne
536 3102 707 3159 quemquam
718 3102 788 3140 voce
801 3083 929 3140 lacessas.

242 3163 329 3221 ΒΑΜ.
350 3162 427 3235 Quin
440 3183 501 3240 age,
515 3163 539 3220 si
552 3162 620 3238 quid
633 3162 737 3220 habes:
753 3161 784 3220 in
797 3182 933 3220 memora
945 3180 1004 3219 non
1016 3160 1072 3220 erit
1081 3160 1152 3235 ulla,

204 3244 268 3302 Nec
281 3263 451 3321 quemquam
463 3243 560 3320 fugi03
580 3245 705 3313 tantum,
718 3241 810 3300 vicine
825 3241 982 3314 Palaemon,

204 3323 338 3382 Sensibus
352 3323 415 3380 haec
427 3322 501 3394 imis,
515 3342 559 3380 res
573 3326 617 3380 est
631 3342 688 3380 non
702 3341 796 3398 parva,
810 3341 937 3398 reponas.

244 3404 319 3462 ΡΑΙ..
340 3402 445 3475 Dicite,
459 3402 685 3479 quandoquidem
699 3401 730 3458 in
743 3402 822 3459 molli
835 3401 1013 3460 consedimus
1026 3399 1133 3472 herha3

203 3484 246 3542 Et
258 3504 334 3541 nunc
348 3483 439 3542 omnis
453 3503 528 3560 ager,
541 3502 617 3540 nunc
631 3481 723 3540 omnis
736 3481 860 3558 parturit
873 3482 964 3551 arboe,

204 3564 291 3622 Nunc
304 3563 438 3622 frondent
451 3563 538 3632 silvae,
552 3583 629 3621 nunc
641 3561 861 3620 formosissimus
875 3581 975 3619 annus.

205 3642 312 3721 Incipe,
326 3643 478 3715 Damoeta3
498 3649 532 3701 tu
546 3643 647 3700 deinde
660 3662 783 3718 sequere,
798 3641 938 3699 Menalca.

203 3723 331 3782 Alternis
345 3722 453 3794 dicetis,
467 3726 565 3781 amant
578 3721 688 3779 alterna
701 3722 854 3780 Gamoence.

243 3802 329 3861 ΒΑΜ.
350 3803 397 3862 Ab
411 3803 485 3862 Jove
498 3801 676 3880 principium,
691 3802 802 3872 Musam
822 3800 844 3858 J
845 3800 906 3860 ovis
919 3799 1015 3858 omnia
1027 3798 1130 3878 plena3

203 3881 257 3941 Ille
271 3882 340 3941 colit
352 3885 452 3955 terras,
466 3883 508 3941 illi
520 3902 585 3940 mea
597 3881 722 3940 carmina
735 3901 820 3939 curae.

241 3962 328 4020 Mnn.
348 3960 391 4020 Et
404 3982 450 4021 me
463 3961 590 4021 Phoebus
604 3964 700 4035 amat;
716 3960 827 4020 Phoebo
838 3980 889 4020 sua
902 3979 1012 4038 semper
1022 3958 1098 4038 apud
1107 3979 1158 4023 me
