2446 4260
471 226 614 271 AEHIDOS
627 228 690 270 LIB.
704 229 763 272 111.

143 370 202 430 Vix
215 390 264 430 ea:
285 391 373 449 quum
386 370 515 430 lacrimas
528 371 617 430 oculis
631 372 652 429 J
653 374 760 430 utuma
772 373 909 450 profudit,

143 451 254 527 Terque
267 455 422 529 quaterque
431 471 519 509 manu
532 455 631 529 peetus
644 453 783 529 percussit
796 453 958 514 honestum.

142 536 159 562 “
169 532 239 590 Non
252 531 375 590 lacrimis
388 531 442 590 hoo
454 531 597 608 tempus,”
613 531 654 589 ait
667 531 801 591 Saturnia
814 534 835 591 J
836 554 910 594 uno:

141 613 158 643 “
166 611 309 682 Accelera,
322 615 352 670 et
364 611 490 683 fratrem,
504 611 604 687 siquis
617 611 727 682 modus,
739 612 814 690 eripe
827 615 932 689 morti;

140 691 204 749 Aut
216 694 252 749 tu
264 691 337 750 bella
350 691 400 762 cie,
414 694 638 768 conceptumque
651 694 751 749 excute
764 692 865 751 foedus.

141 771 254 829 Auctor
266 791 319 849 ego
333 771 484 829 audendi.'’
526 771 572 828 Sic
585 771 737 830 exhortata
748 772 863 850 reliquit

140 849 296 923 Incertam,
309 853 339 909 et
352 850 430 909 tristi
443 850 591 908 turbatam
603 850 719 909 vulnere
732 853 847 911 mentis.

180 929 296 989 Interea
308 949 397 1006 reges,
409 930 523 1007 ingenti
535 930 611 988 mole
624 929 746 989 Latinus

141 1009 316 1088 Quadrijugo
328 1011 443 1069 vehitur
456 1028 550 1080 curru,
563 1009 609 1068 cui
623 1012 752 1087 tempora
765 1012 871 1072 circum

140 1089 245 1148 Aurati
259 1090 303 1148 bis
317 1110 365 1149 sex
377 1089 450 1148 radii
462 1089 602 1167 fulgentia
615 1089 744 1167 cingunt,

141 1169 214 1227 Solis
228 1169 273 1227 avi
287 1170 445 1247 specimen:
465 1169 540 1247 bigis
550 1169 576 1228 it
589 1169 703 1228 Turnus
717 1170 747 1227 in
760 1170 840 1244 albis,

140 1248 217 1306 Bina
229 1269 316 1307 manu
329 1250 388 1307 lato
402 1249 527 1326 crispans
540 1248 656 1307 hastilia
669 1249 751 1307 ferro.

140 1328 221 1387 Hinc
233 1332 314 1406 pater
327 1329 441 1399 AEneas,
455 1328 594 1387 Romanae
608 1329 705 1406 stirpis
719 1329 809 1406 origo,

140 1408 254 1467 Sidereo
266 1409 388 1487 flagrans
402 1409 491 1486 clipeo
504 1412 534 1467 et
547 1409 708 1468 coelestibus
721 1410 816 1481 armis,

139 1488 182 1546 Et
191 1488 277 1565 juxta
289 1489 437 1561 Ascanius,
450 1506 564 1566 magnae
578 1509 640 1566 spes
654 1488 744 1547 altera
756 1489 865 1562 Rome,

139 1567 303 1626 Prooedunt
316 1569 424 1640 castris,
438 1588 562 1646 puraque
575 1569 605 1626 in
618 1572 698 1627 veste
711 1569 840 1628 sacerdos

139 1647 270 1726 Saetigeri
282 1648 373 1706 fetum
387 1648 454 1720 suis,
462 1648 661 1725 intonsamque
673 1648 821 1706 bidentem

138 1728 260 1800 Attulit,
274 1729 467 1805 ammovitque
479 1748 565 1805 pecus
577 1728 764 1804 flagrantibus
777 1728 842 1787 uris.

138 1805 189 1864 Illi
202 1808 238 1866 ad
251 1811 415 1886 surgentem
428 1807 556 1866 conversi
567 1806 677 1865 lumina
689 1807 777 1866 solem

139 1886 220 1945 Dant
233 1887 329 1965 fruges
342 1887 472 1946 manibus
486 1887 581 1959 salsas,
595 1891 625 1945 et
638 1890 767 1964 tempora
779 1889 853 1945 ferro

139 1966 257 2025 Summa
269 1970 373 2026 notant
385 1967 535 2044 pecudum,
548 1966 708 2044 paterisque
721 1966 823 2025 altaria
834 1967 935 2027 libant.

138 2046 215 2104 'lum
228 2047 291 2124 pius
305 2047 409 2105 AEneas
423 2046 525 2106 stricto
538 2046 577 2105 sic
591 2066 657 2105 ense
669 2049 819 2123 precatur:

138 2129 155 2157 ‘⁶
164 2126 239 2185 Esto
252 2147 328 2184 nunc
341 2126 391 2184 Sol
402 2127 486 2184 testis
500 2128 530 2185 et
543 2127 605 2184 haec
619 2124 691 2183 mihi
705 2125 793 2184 Terra
806 2126 931 2198 vocanti,

139 2205 232 2278 Quam
244 2209 360 2284 propter
372 2209 470 2265 tantos
483 2207 572 2284 potui'
579 2207 700 2284 perferre
714 2205 832 2278 labores,

137 2285 181 2343 Et
194 2285 282 2345 Pater
295 2285 483 2364 omnipotens,
496 2289 526 2345 et
538 2289 575 2344 tu
588 2286 721 2345 Saturnia
733 2285 822 2358 June,

139 2365 160 2422 J
161 2385 208 2422 am
221 2366 328 2439 melior,
337 2366 407 2444 jam,
421 2367 495 2438 diva,
508 2385 615 2443 precor,
628 2369 718 2443 tuque
731 2365 839 2444 inclyte
852 2365 979 2438 Mavors,

138 2443 250 2503 Cuncta
262 2449 314 2505 tuo
327 2446 378 2524 qui
390 2446 472 2518 bella,
484 2449 574 2523 pater,
588 2446 641 2504 sub
653 2446 770 2505 numine
783 2450 899 2522 torques
909 2471 916 2517 ;

138 2524 312 2602 Fontesque,
326 2525 499 2602 Fluvioaque
512 2544 591 2597 voco,
602 2545 719 2600 quaeque
733 2525 861 2584 AEtheris
873 2525 927 2585 alti

138 2603 260 2682 Religio,
274 2609 304 2664 et
319 2625 380 2681 quae
393 2603 514 2663 caeruleo
530 2607 599 2662 sunt
612 2605 730 2661 numina
741 2608 840 2680 ponte.

137 2683 262 2742 Cesserit
275 2685 404 2743 Ausonio
417 2684 442 2743 si
454 2684 512 2742 fors
525 2683 646 2741 victoria
659 2683 766 2754 Turno,

137 2762 288 2836 Convenit,
302 2765 431 2823 Evandri
442 2764 534 2823 victos
547 2762 688 2821 discedere
701 2763 738 2820 ad
750 2763 867 2834 urbem;

137 2842 227 2902 (ledet
241 2843 323 2902 Iulus
336 2845 429 2922 agris3
448 2864 500 2903 nec
513 2845 579 2921 post
592 2862 671 2901 arma
682 2842 741 2900 ulla
752 2841 868 2901 rebelles

137 2922 274 2982 AEneadoe
288 2924 419 2997 referent,
432 2925 541 2983 ferrove
553 2923 616 2982 haec
629 2942 719 3000 regna
730 2923 878 2980 lacessent.

138 3002 189 3060 Sin
202 3007 334 3062 nostrum
347 3004 479 3062 annuerit
491 3003 573 3062 nobis
586 3002 715 3061 Victoria
728 3003 902 3074 Martem,-

136 3082 182 3140 Ut
195 3083 291 3160 potius
304 3103 375 3154 reor,
389 3087 419 3142 et
432 3084 528 3160 potius
541 3082 571 3140 di
584 3083 700 3141 numine
713 3082 868 3141 firment-

136 3161 207 3220 Non
220 3183 273 3241 ego
287 3183 339 3222 nec
353 3164 470 3221 Teucris
483 3163 573 3222 Italos
586 3183 683 3240 parere
692 3161 807 3239 jubebo,

137 3242 201 3300 Nec
214 3242 286 3300 mihi
299 3263 387 3320 regna
399 3245 483 3320 peto:
504 3243 619 3320 paribus
633 3263 663 3301 se
676 3242 786 3319 legibus
800 3243 892 3300 ambae

137 3320 261 3380 Invictae
274 3327 375 3400 gentes
388 3325 496 3380 aeterna
508 3323 657 3380 infoedera
669 3324 799 3380 mittant.

136 3401 223 3459 Sacra
236 3402 357 3479 deosque
371 3402 461 3474 dubo;
481 3422 560 3460 socer
575 3422 654 3460 arma
668 3402 790 3460 Latinus
803 3402 925 3475 habet03

135 3479 296 3558 Imperium
309 3483 433 3541 solemne
447 3502 541 3541 socer:
561 3481 633 3540 mihi
647 3482 752 3540 moenia
765 3481 868 3540 Teucri

136 3559 332 3633 constituens,
346 3563 464 3638 urbique
478 3562 558 3621 dabit
571 3560 691 3619 Lavinia
703 3561 837 3619 nomen.”

136 3640 183 3698 Sic
196 3641 272 3718 prior
286 3641 407 3714 AEneas3
427 3642 556 3719 sequitur
569 3641 608 3699 sic
622 3640 722 3699 deinde
736 3640 858 3699 Latinus

136 3720 297 3797 Suspiciens
311 3723 422 3793 coelum,
435 3721 585 3798 tenditque
599 3720 635 3778 ad
648 3720 739 3778 sidera
752 3720 898 3778 dextram:

136 3803 153 3830 “
162 3800 234 3858 Haeo
248 3801 355 3873 eadem,
369 3801 468 3872 AEnea,
483 3800 609 3872 Terram,
623 3800 714 3871 Mare,
727 3799 834 3871 Sidera,
843 3799 919 3879 juro,

135 3878 312 3956 Latonaeque
322 3901 414 3957 genus
428 3880 541 3958 duplex,
554 3879 577 3939 ,J
578 3899 722 3961 anumque
731 3879 904 3952 bittuntam,

133 3957 252 4032 Vimque
264 3959 349 4017 deum
362 3960 508 4022 infernam
522 3965 553 4024 et
567 3963 637 4025 duri
650 3964 782 4026 sacraria
791 3960 904 4036 Bitu,
