2446 4260
199 204 239 261 34
507 217 845 259 evmsmrrurnorrs

201 360 258 420 Seu
269 359 364 437 plures
377 359 454 419 calor
466 359 514 419 ille
527 359 588 418 vias
602 362 632 418 et
645 379 720 418 casca
732 361 841 419 relaxat

197 440 383 518 Spiramenta,
397 460 485 499 novas
498 439 595 498 veniat
608 460 664 516 qua
677 461 760 499 sucus
773 441 804 497 in
817 441 934 514 herbas,

201 520 258 578 Seu
271 520 356 577 durat
369 521 461 598 magis
475 523 505 579 et
518 539 603 578 vonas
617 519 753 597 astringit
766 520 888 594 hiantes,

199 599 247 659 Ne
260 601 361 658 tenues
374 600 484 676 pluviae,
498 599 623 677 rapidive
636 600 767 676 potentia
781 600 847 658 solis

200 679 310 751 Acrior,
324 682 376 737 aut
389 680 480 738 boreae
493 679 667 757 penetrabile
680 680 771 756 frigus
786 681 896 738 adurat.

198 759 331 818 Multum
344 759 422 830 adeo,
435 759 534 818 rastris
548 759 645 836 glebas
659 760 708 835 qui
722 760 830 836 trangit
844 760 950 819 inertes

198 839 398 915 Vimiueasque
411 839 503 898 trahit
516 843 616 909 crates,
625 839 710 916 juvat
724 859 809 911 arva,
829 859 921 915 neque
935 841 1016 899 illum

199 919 290 978 Flava
302 919 386 977 Ceres
400 918 459 977 alto
472 918 663 996 nequidquam
677 922 788 995 spectat
802 919 944 996 Olympo;

199 999 241 1057 Et
255 998 312 1076 qui,
325 999 449 1075 procisso
463 1019 524 1075 quac
539 998 658 1056 suscitat
672 1019 782 1075 oequorc
795 1001 886 1075 terga,

198 1078 309 1136 Rursus
322 1079 353 1135 in
366 1078 513 1155 obliquum
526 1098 607 1136 verso
620 1079 779 1154 perrumpit
792 1082 895 1150 aratro,

197 1158 375 1234 Exercetque
387 1157 518 1234 frequens
531 1158 672 1229 tellurem,
686 1162 772 1234 atque
785 1159 906 1235 imperat
920 1160 1004 1217 arvis.

238 1238 369 1296 Humida
381 1237 505 1296 solstitia
517 1240 603 1314 atque
616 1237 723 1296 hiemes
737 1241 816 1296 orate
829 1258 949 1310 serenas,

197 1318 354 1396 Agricolae3
374 1318 492 1376 hiberno
505 1317 652 1375 lectissima
665 1318 779 1394 pulvere
791 1318 866 1375 farra

199 1397 299 1456 Iraetus
312 1417 396 1474 agen
412 1397 494 1479 =nullo
507 1400 623 1455 tantum
637 1417 666 1454 se
682 1398 774 1474 Mysia
787 1397 869 1455 cultu

199 1477 221 1535 J
222 1480 308 1547 actat,
322 1480 351 1535 et
364 1477 426 1554 ipsa
439 1497 502 1535 suas
516 1477 656 1534 mirantur
671 1476 798 1553 Gargara
811 1497 924 1535 messes.

201 1557 277 1629 Quid
290 1557 391 1628 dicam,
400 1556 479 1634 jacto
494 1557 542 1633 qui
556 1557 661 1614 semine
675 1557 803 1614 cominus
818 1577 885 1614 arva

199 1637 365 1714 Insequitur
378 1636 561 1713 cumulosque
574 1636 633 1693 ruit
647 1636 720 1695 male
732 1637 847 1714 pinguis
861 1655 953 1695 aronae
966 1636 980 1695 P

198 1717 309 1775 Deinde
323 1716 393 1775 satis
405 1716 523 1773 fluvium
537 1715 648 1774 inducit
662 1716 792 1792 rivosque
807 1719 964 1793 sequentes,

198 1797 249 1868 Et,
264 1816 352 1873 quum
365 1800 482 1854 exustus
496 1816 563 1872 ager
577 1795 763 1854 morientibus
777 1800 880 1854 aestuat
893 1797 997 1867 herbis,

198 1876 274 1935 Ecce
288 1875 435 1953 supercilio
448 1875 546 1934 clivosi
558 1875 684 1933 tramitis
697 1876 804 1933 undam

197 1953 312 2015 Elicit?
332 1955 381 2013 illa
394 1955 494 2014 cadens
508 1975 625 2012 raucum
639 1975 688 2031 per
700 1954 775 2013 levia
786 1975 916 2012 mmmm

196 2035 270 2094 Saxa
283 2036 348 2106 ciat,
362 2035 552 2111 scatebrisque
566 2035 676 2092 arentia
688 2037 830 2112 temperat
844 2056 911 2094 arva

197 2116 282 2188 Quid,
296 2115 354 2192 qui,
367 2134 403 2173 ne
416 2115 539 2192 gravidis
553 2115 721 2192 procumbat
735 2115 844 2172 culmus
859 2115 962 2189 aristis,

197 2194 353 2254 Luxruicm
366 2198 496 2272 segetum
509 2197 607 2252 tenera
620 2194 746 2271 depascit
759 2195 790 2252 in
803 2195 900 2265 herba,

196 2276 292 2348 Quum
305 2275 429 2352 primum
442 2273 534 2332 sulcos
548 2277 662 2350 aequant
677 2273 764 2333 sata?
785 2275 889 2352 quique
901 2275 1012 2352 paludis

198 2355 357 2414 Collectum
369 2354 519 2412 humorem
533 2354 630 2412 bibula
642 2354 757 2412 deducit
771 2354 880 2414 arena?

197 2435 362 2493 Praesertim
374 2434 489 2492 incertis
503 2433 528 2490 si
540 2433 684 2491 mensibus
698 2434 789 2491 amnis
803 2435 950 2492 abundans

197 2515 278 2586 Exit,
292 2518 322 2572 et
335 2514 459 2573 obducto
472 2514 530 2571 late
543 2516 624 2571 tenet
637 2513 733 2572 omnia
745 2514 823 2585 limo,

197 2594 283 2653 Unde
297 2614 372 2652 cavae
384 2594 481 2670 tepido
495 2593 599 2650 sudant
612 2592 731 2651 humore
744 2593 862 2652 lacunae.

237 2675 300 2732 Nec
310 2678 416 2745 tamen,
426 2674 488 2732 haec
501 2693 590 2748 quum
600 2673 658 2730 sint
669 2673 873 2748 hominumque
883 2672 1026 2749 boumque
1036 2672 1083 2730 lab

197 2754 343 2812 Versando
356 2757 463 2811 terram
476 2753 593 2829 experti,
607 2752 680 2810 nihil
693 2753 837 2829 improbus
852 2773 941 2824 anser,

198 2833 424 2910 Strymoniaque
437 2852 530 2909 grues,
544 2835 574 2892 et
587 2833 689 2889 amaris
701 2833 804 2890 intuba
816 2833 895 2890 fibris

197 2913 342 2984 Officirmt,
356 2915 407 2970 aut
419 2912 520 2970 umbra
533 2915 625 2969 nocet.
667 2911 755 2970 Pater
766 2913 826 2989 ipso
840 2912 951 2970 colendi

197 2993 286 3051 Haud
299 2992 409 3051 facilem
422 3012 481 3050 esse
494 2992 571 3049 viam
583 2991 683 3062 voluit,
697 2992 860 3069 primusque
873 3013 923 3069 per
936 2994 1028 3050 artem

197 3073 294 3132 Movit
307 3093 398 3150 agros,
412 3072 485 3130 curis
499 3091 601 3130 acuens
614 3072 746 3129 mortalia
759 3073 851 3143 corda,

197 3153 260 3211 Nec
273 3156 385 3229 torpere
398 3151 479 3229 gravi
491 3171 590 3228 passus
603 3171 654 3208 sua
667 3171 755 3228 regna
767 3155 893 3210 veterno.

195 3233 275 3291 Ante
288 3232 309 3290 J
310 3252 392 3291 ovem
405 3231 477 3288 nulli
490 3231 660 3309 subigebant
674 3251 741 3288 arva
755 3231 863 3303 coloni;

91 3375 93 3379 ,
195 3313 243 3371 Ne
256 3312 367 3390 signare
381 3310 495 3388 quidem
505 3315 555 3368 aut
568 3310 668 3387 partiri
680 3310 772 3368 limite
785 3331 917 3387 campum

196 3392 253 3450 Fas
266 3395 343 3450 crat:
357 3391 388 3449 in
401 3391 526 3449 medium
540 3390 710 3466 quaerebant,
724 3390 839 3468 ipsaque
852 3391 938 3448 tellus

175 3498 179 3506 ¹
197 3471 302 3530 Omnia
313 3471 437 3542 liberius,
450 3469 529 3528 nullo
542 3472 685 3547 poscente,
698 3470 815 3528 ferebat.

197 3549 252 3611 Ille
264 3552 372 3610 malum
384 3550 461 3608 virus
475 3549 652 3626 serpentibus
665 3550 775 3607 addidit
788 3549 866 3620 atris,

195 3630 377 3709 Praedarique
389 3631 470 3707 lupos
479 3629 575 3706 jussit,
588 3633 764 3706 pontumque
777 3630 885 3688 moveri
897 3653 904 3701 ;

196 3710 341 3788 Mellaque
354 3709 477 3770 decussit
489 3708 572 3778 foliis,
586 3709 738 3786 ignemque
750 3709 881 3781 removit,

196 3790 238 3849 Et
251 3792 356 3869 passim
369 3790 437 3848 rivis
451 3788 593 3848 currentia
604 3789 671 3846 vina
684 3789 826 3866 repressit,

197 3869 241 3929 Ut
254 3871 344 3929 varias
357 3891 426 3929 usus
439 3868 602 3928 meditando
616 3869 784 3927 extunderet
797 3871 873 3927 artes

199 3949 353 4025 Paulatim,
367 3953 397 4010 et
411 3949 496 4010 sulcis
509 3948 646 4008 frumenti
659 3951 797 4027 quaeroret
809 3949 927 4008 herbam
