2446 4260
487 114 629 158 ammos
643 115 704 159 m.
719 117 741 158 1.

173 251 235 316 Hunc
245 261 277 317 tu
289 258 361 317 olim
373 258 453 332 coelo,
467 259 562 337 spoliis
575 260 701 320 Orientis
715 264 859 333 onustum,

170 335 269 416 Accipies
282 358 398 411 secura3
417 340 565 398 vocabitur
577 340 625 399 hic
638 360 749 419 quoque
762 341 848 399 votis.

169 414 250 494 lcpera
261 421 328 476 tum
340 419 442 495 positis
454 420 606 479 mitescent
619 420 721 479 saecula
733 420 830 492 bellis;

168 491 222 556 Cana
233 498 319 557 Fides
333 501 364 556 ct
376 498 473 570 Vesta,
487 498 580 558 Remo
593 520 659 558 cum
671 501 758 558 fratre
773 501 907 572 Quirinus

165 572 217 636 lura
228 579 337 637 dabunt
349 603 356 650 3
377 578 445 636 dirae
457 579 531 638 ferro
545 580 770 657 ct‘compcgibus
784 582 869 639 arctis

163 653 317 717 (laudentur
329 658 397 717 belli
408 662 516 735 portae3
536 659 628 719 Furor
640 659 745 736 impius
758 660 846 734 intus,

160 733 220 796 Sava
232 739 333 797 sedens
345 757 429 816 super
442 759 528 809 arma,
542 742 572 797 et
585 743 700 798 centum
713 739 827 799 vinctus
840 739 938 801 ahenis

157 812 212 876 Post
223 821 341 896 tergum
353 819 444 889 nodis,
457 818 560 877 fremet
571 819 702 878 horridus
716 838 763 877 ore
777 822 924 880 cruento.”

83 942 88 953 .
179 898 253 956 Haec
266 899 325 957 ait:
346 902 377 957 et
389 898 466 956 Maia
478 898 607 976 genitum
621 897 749 957 demittit
763 899 798 957 ab
811 900 879 972 alto,

153 973 183 1034 Ut
194 980 287 1050 terrae,
301 980 390 1055 utque
402 998 486 1036 noves
499 980 617 1054 pateant
630 977 813 1055 Carthaginis
828 999 904 1039 arces

148 1053 275 1134 Hospitio
289 1057 414 1130 Teucris,
427 1077 463 1115 ne
474 1057 529 1116 fati
540 1057 634 1116 nescia
645 1057 722 1117 Dido

147 1134 258 1196 linibus
272 1141 389 1196 arceret.
429 1136 516 1196 Volat
527 1137 575 1196 ille
588 1157 638 1214 per
651 1141 717 1195 aa'ira
729 1157 867 1215 magnum

145 1213 272 1294 Remigio
286 1217 403 1288 alarum,
417 1237 449 1276 ac
461 1217 562 1295 Libyae
575 1218 649 1276 citus
662 1216 776 1275 adstitit
790 1218 856 1276 oris.

142 1294 199 1375 lltj
257 1297 340 1374 jussa
351 1297 437 1368 facit3
456 1301 623 1374 ponuntque
634 1296 737 1355 ferocia
751 1296 834 1355 Poeui

142 1375 237 1448 Corda,
250 1377 367 1435 volente
380 1376 447 1448 deo;
468 1376 499 1434 in
512 1377 610 1453 primis
623 1376 721 1454 regina
733 1375 863 1453 quietum

139 1457 250 1533 Accipit
264 1456 296 1514 in
309 1456 432 1515 Teucros
446 1456 572 1514 animum
586 1459 766 1533 mentemque
779 1456 940 1534 benignam.

171 1537 217 1593 At
229 1535 296 1613 pius
310 1537 415 1595 AEneas
428 1556 478 1613 per
490 1539 604 1595 noctem
616 1535 739 1613 plurima
751 1536 876 1610 volvens,
958 1515 1004 1550 ν

138 1613 178 1672 Ut
190 1616 320 1693 primum
331 1616 381 1673 lux
394 1616 470 1674 alma
482 1617 549 1675 data
561 1619 614 1688 est,
627 1616 702 1674 exire
714 1616 845 1693 locosque

138 1695 293 1772 Explorare
305 1716 403 1768 novos,
416 1716 486 1773 quas
498 1698 585 1755 vento
598 1695 745 1754 accesserit
758 1716 829 1767 oras,

138 1775 191 1846 Qui
204 1778 334 1849 teneant,
348 1796 415 1834 nam
426 1776 535 1834 inculta
547 1775 634 1848 videt,
648 1775 812 1834 hominesne
825 1776 935 1848 feraene,

137 1855 268 1926 Qnaerere
280 1855 440 1928 constituit,
454 1855 590 1933 sociisque
603 1858 702 1914 exacta
713 1854 825 1913 referre.

137 1933 262 1994 Classem
274 1935 306 1993 in
319 1955 443 1994 convexo
456 1955 604 1995 nemorum
617 1935 670 1993 sub
682 1955 752 2012 rupe
765 1938 865 1993 cavata

136 2015 293 2074 Arboribus
307 2015 430 2073 clausam
443 2015 548 2074 circum
562 2018 647 2092 atque
659 2014 840 2073 horrentibus
853 2015 960 2074 umbris

136 2093 265 2154 Occulit:
284 2095 345 2172 ipse
359 2115 416 2154 uno
429 2094 559 2172 graditur
573 2094 725 2153 comitebus
739 2094 859 2167 Achate,

135 2172 210 2232 Bina
221 2194 311 2232 manu
322 2174 382 2233 lato
396 2175 520 2252 crispans
533 2174 649 2233 hastilia
660 2174 744 2233 ferro.

134 2251 189 2310 Oui
200 2257 295 2313 mater
307 2255 401 2313 media
413 2275 473 2313 sese
486 2255 556 2313 tulit
569 2253 653 2313 obvia
665 2254 744 2325 silva,

133 2331 262 2411 Virginis
275 2354 307 2393 os
318 2334 505 2412 habitumque
518 2354 618 2412 gerens
631 2335 661 2393 et
673 2332 792 2412 virginis
805 2354 883 2392 arma

133 2411 289 2489 Spartana,
302 2414 349 2472 vel
361 2414 451 2492 qualis
465 2435 551 2491 equos
564 2414 699 2472 Threissa
711 2413 816 2490 fatigat

132 2491 305 2571 Harpalyce,
317 2494 515 2571 volucremque
527 2495 597 2571 fuga
608 2494 791 2570 praevertitur
804 2513 912 2551 eurum.

132 2571 266 2650 Namque
278 2573 403 2632 humeris
417 2573 452 2632 de
464 2593 543 2632 more
555 2573 679 2632 habilem
692 2573 875 2650 suspenderat
889 2592 985 2631 arcum

132 2650 280 2724 Venatrix‚
294 2653 464 2729 dederatque
478 2673 588 2712 comam
601 2653 757 2711 diffimdere
769 2653 873 2725 ventis,

133 2730 221 2790 Nuda
233 2751 318 2810 genu,
333 2733 464 2810 nodoque
477 2733 554 2791 sinus
568 2732 685 2791 collecta
697 2732 827 2790 fluentes.

133 2811 175 2869 Ac
187 2811 275 2888 prior,
289 2812 426 2884 “Heus’'
440 2812 543 2890 inquit,
558 2816 574 2843 “
580 2811 707 2889 juvenes,
721 2814 879 2870 monstrate
891 2830 1018 2870 mearum

133 2889 253 2950 Vidistis
267 2891 291 2949 si
304 2912 390 2970 quam
402 2891 449 2950 hic
463 2895 605 2951 errantem
616 2891 690 2952 forte
703 2911 839 2964 sororum,
913 2942 918 2949 .

135 2969 314 3030 succinctam
326 2971 459 3049 pharetra
472 2975 501 3030 et
514 2970 664 3030 maculosae
677 2971 805 3049 tegmine
817 2970 918 3048 lyncis,

135 3049 193 3109 Aut
207 3051 367 3127 spumantis
381 3051 441 3129 apri
454 3072 567 3110 cursum
580 3049 701 3111 clamore
713 3050 918 3128 prementem.’'

171 3129 219 3188 Sic
232 3130 330 3189 Venus
341 3156 349 3203 ;
369 3134 400 3190 et
411 3131 528 3190 Veneris
542 3133 642 3190 contra
654 3131 695 3189 sic
708 3131 783 3189 filius
797 3150 892 3188 orsus:

137 3213 151 3239 “
159 3209 250 3268 Nulla
262 3213 378 3269 tuarum
392 3211 488 3269 audita
500 3210 573 3268 mihi
585 3230 676 3288 neque
689 3210 750 3268 visa
763 3230 899 3280 sororum,

136 3288 284 3367 O-quam
296 3294 327 3350 te
339 3290 637 3369 memorem-virgo?
657 3310 778 3367 namque
790 3290 868 3348 haud
879 3288 935 3346 tibi
947 3285 1043 3346 uiltus

136 3367 276 3441 Mortalis,
289 3390 341 3430 nec
353 3391 409 3429 vox
421 3370 567 3429 hominem
580 3373 671 3429 sonat.
712 3369 737 3427 Ο
752 3371 804 3428 dea
816 3371 909 3427 certe:

135 3448 178 3506 An
192 3448 298 3509 Phoebi
311 3449 411 3509 soror?
432 3470 469 3508 an
481 3450 673 3528 nympharum
687 3449 832 3527 sanguinis
846 3445 927 3506 una?

136 3526 175 3586 Sis
188 3529 265 3601 felix,
278 3534 463 3607 nostrumque
475 3530 559 3603 leves,
573 3548 764 3608 quaecumque,
777 3529 911 3599 laborem,

135 3606 174 3666 lct
187 3629 245 3686 quo
259 3610 310 3668 sub
324 3610 394 3668 coelo
407 3610 533 3683 tandem,
547 3610 649 3687 quibus
662 3608 737 3668 orbis
750 3608 781 3665 in
794 3607 850 3667 oris

135 3686 290 3760 laetemur,
303 3689 410 3748 doceas.
451 3688 551 3768 Ignari
562 3689 766 3763 hominumque
777 3687 958 3762 locorumque

136 3766 278 3839 Erramus,
291 3772 378 3828 vento
390 3770 448 3828 huc
461 3773 492 3828 et
504 3769 593 3828 vastis
605 3768 739 3827 fluctibus
753 3765 819 3824 acti.

136 3845 230 3907 Multa
242 3847 298 3907 tibi
310 3851 377 3908 ante
390 3869 452 3908 aras
465 3853 563 3908 nostra
576 3849 658 3907 cadet
670 3845 766 3904 hostia
778 3843 907 3903 dextra.''
