2446 4260
132 171 179 254 td
433 209 771 254 nvraarnrrnnaorrs

133 353 292 412 Tentatura
303 352 387 428 pedes
401 351 479 425 olim,
491 352 676 430 vincturaque
690 353 837 431 linguam3

131 432 295 510 Purpureae,
308 433 481 510 preciaeque;
501 435 531 491 et
544 452 600 510 quo
612 436 643 506 te
657 433 780 493 carmine
792 433 893 508 dicam,

133 511 289 571 Rhaetica?
309 532 360 570 neo
374 512 449 571 cellis
462 512 525 571 ideo
539 513 677 571 contende
691 513 827 573 Falernis.

135 592 210 651 Sunt
223 596 253 651 et
265 591 400 649 Amiuaeae
412 592 494 663 vites,
507 592 669 650 firmissima
680 592 756 664 vina,

134 671 251 731 Tmolus
265 673 295 729 et
308 671 431 749 assurgit
445 672 546 749 quibus
559 675 590 730 et
602 692 651 730 rex
664 672 724 749 ipse
738 672 881 732 Phanaeus
894 698 901 746 ;

134 751 299 829 Argitisque
312 751 413 824 minor,
427 751 473 810 cui
485 771 543 810 non
555 752 706 811 certaverit
718 752 785 810 ulla

134 832 197 889 Aut
209 834 326 890 tantum
338 831 433 903 fluere,
446 834 497 889 aut
510 831 634 890 totidem
646 832 746 890 durare
759 852 809 909 per
822 853 920 892 annos.

135 911 204 970 Non
218 930 271 989 ego
284 914 323 982 te,
336 910 380 968 dis
393 913 423 969 et
435 911 540 969 mensis
553 914 669 988 accepta
681 911 819 985 secundis,

136 990 317 1063 Transierim,
331 989 452 1062 Rhodia,
466 993 496 1048 εὴ
509 990 636 1062 tumidis
649 991 796 1064 Bumaste,
809 993 937 1052 racemis.

135 1071 192 1129 Sed
204 1090 302 1148 neque,
316 1090 401 1147 quam
414 1071 511 1128 multae
525 1070 638 1147 species,
651 1090 711 1141 nec,
724 1071 841 1130 nomina
853 1093 917 1150 quae
932 1073 1000 1143 sint,

135 1151 193 1209 Est
206 1170 339 1208 numerus
351 1174 359 1221 3
378 1169 469 1226 neque
482 1150 558 1208 enim
570 1169 688 1208 numero
702 1153 900 1228 comprendere
913 1153 1016 1212 refert:

136 1231 228 1303 Quem
241 1229 290 1307 qui
303 1229 372 1288 seire
385 1229 463 1301 velit,
477 1229 580 1307 Libyci
591 1229 662 1288 velit
675 1231 793 1308 aequoris
805 1231 883 1291 idem

136 1310 252 1368 Discere
266 1329 350 1386 quam
363 1309 463 1367 multae
477 1309 600 1386 zephyro
613 1309 766 1368 turbentur
779 1331 889 1385 arenae3

135 1390 206 1462 Aut,
219 1388 269 1447 ubi
281 1388 401 1466 navigiis
413 1388 564 1447 violentior
575 1389 677 1447 incidit
690 1410 783 1462 eurus,

135 1470 237 1541 Nosse,
251 1472 322 1547 quot
335 1468 412 1526 Ionii
423 1469 539 1527 veniant
553 1469 590 1526 ad
601 1467 687 1527 litora
698 1470 812 1529 fluctus.

174 1548 206 1607 N
207 1569 238 1608 eo
250 1569 317 1607 vero
329 1551 412 1606 terra
424 1548 496 1607 ferre
509 1568 606 1606 omnes
620 1549 715 1607 omnia
727 1553 855 1627 possunt.

136 1628 317 1687 Fluminibus
330 1628 436 1700 salices,
449 1628 603 1705 crassisque
615 1629 764 1706 paludibus
778 1629 836 1688 alni

136 1709 311 1780 Nascuntur,
325 1708 432 1766 steriles
446 1708 550 1766 saxosis
564 1709 709 1767 montibus
723 1709 803 1780 orni;

136 1789 237 1848 Litora
248 1788 382 1865 myrtetis
395 1788 558 1859 laetissima3
578 1788 698 1865 denique
711 1791 823 1865 apertos

136 1868 266 1927 Bacchus
280 1870 358 1926 amat
372 1867 463 1939 eolles,
477 1868 636 1945 aquilonem
650 1871 679 1925 et
692 1869 798 1945 frigora
813 1868 881 1926 taxi.

136 1948 239 2026 Aspice
252 1950 283 2006 et
296 1947 428 2006 extremis
442 1947 583 2004 domitum
596 1947 751 2006 cultoribus
764 1949 870 2021 orbem,

136 2028 268 2105 ansque
281 2028 380 2085 domus
394 2027 529 2098 Arabum,
543 2026 689 2104 pictosque
703 2027 835 2086 Gelonos.

136 2107 245 2171 Divisae
259 2107 403 2165 arboribus
421 2106 539 2183 patriae:
560 2105 620 2164 sola
632 2106 717 2165 India
728 2107 844 2184 nigrum

138 2188 209 2246 Fert
222 2187 358 2258 ebenum3
379 2185 444 2244 solis
457 2188 502 2244 est
514 2185 616 2244 thurea
628 2186 710 2264 virga
727 2187 843 2246 Sabaeis.

138 2266 214 2405 3uid
226 2266 282 2325 tibi
295 2266 411 2324 odorato
424 2265 542 2324 referam
556 2265 687 2324 sudantia
699 2266 778 2343 ligno

166 2347 333 2423 alsamaque,
348 2349 378 2403 et
390 2345 489 2404 baccas
503 2365 611 2422 semper
623 2346 781 2404 frondentis
794 2345 932 2405 acanthi?

137 2426 215 2563 §prid
226 2445 342 2484 nemora
354 2425 533 2502 AEthiopum,
546 2424 626 2482 molli
638 2426 768 2484 canentia
780 2426 868 2486 lana?

167 2506 304 2584 elleraque
316 2509 351 2562 ut
363 2504 437 2563 foliis
450 2506 601 2581 depectant
610 2505 708 2562 tenuia
721 2505 825 2565 Seres?

139 2586 201 2643 Aut
215 2606 284 2662 quos
298 2585 410 2645 Oceano
423 2585 535 2661 propior
548 2584 622 2661 gerit
636 2584 721 2642 India
732 2585 819 2657 lucos,

139 2665 271 2724 Extremi
284 2664 361 2722 sinus
374 2663 475 2723 orbis?
495 2663 545 2722 ubi
557 2671 622 2721 aera
634 2664 744 2722 vincere
758 2685 901 2722 summum

139 2744 257 2803 Arboris
269 2744 347 2803 haud
359 2744 426 2802 ullae
436 2743 517 2821 jactu
529 2747 645 2820 potuere
659 2744 783 2822 sagittae.

140 2825 183 2883 Et
196 2844 265 2901 gens
277 2824 326 2881 illa
339 2823 452 2901 quidem
465 2822 567 2880 sumtis
580 2844 638 2881 non
650 2824 733 2882 tarda
745 2823 893 2901 pharetris.

139 2904 234 2964 Media
246 2904 302 2962 fert
311 2903 412 2961 tristes
425 2922 505 2962 sucos
518 2903 689 2980 tardumque
702 2924 830 2981 saporem

142 2983 245 3043 Felicis
258 2983 342 3055 mali;
363 3003 418 3060 quo
432 3003 490 3040 non
502 2982 667 3060 praesentius
680 2983 779 3056 ullum,

141 3063 248 3123 Pocula
261 3062 285 3121 si
298 3063 409 3140 quando
423 3082 501 3120 saevae
514 3062 633 3121 infecere
645 3083 779 3135 novercae,

144 3142 388 3220 [Miscueruntque
400 3142 501 3200 herbas
515 3144 545 3200 et
557 3162 616 3200 non
627 3142 742 3200 innoxia
751 3141 858 3218 verba]

141 3222 290 3282 Auxilium
302 3221 390 3293 venit,
403 3241 436 3280 aa
448 3221 582 3279 membris
600 3222 661 3298 agit
675 3224 738 3280 atra
749 3242 866 3282 venena.

142 3301 211 3378 Ipsa
222 3302 323 3380 ingens
337 3301 427 3373 arbos,
440 3300 595 3378 faciemque
608 3301 752 3360 simillima
764 3301 859 3374 laur03

141 3381 193 3454 Et,
206 3381 301 3440 sinon
314 3381 401 3439 alium
413 3380 471 3438 late
480 3380 602 3458 jactaret
615 3381 737 3453 odorem,

142 3461 252 3520 Laurus
265 3463 326 3520 erat
338 3486 345 3532 ;
364 3459 431 3518 folia
442 3460 520 3519 haud
531 3460 596 3518 ullis
608 3461 733 3519 labantia
744 3461 838 3520 ventis
848 3485 855 3532 ;

143 3541 211 3600 Flos
220 3541 258 3600 ad
270 3540 362 3619 prima
372 3543 475 3611 tenax3
495 3541 603 3598 animas
616 3543 646 3598 εὴ
659 3540 765 3600 olentia
778 3542 859 3600 Medi

143 3622 202 3680 Ora
213 3622 312 3680 fovent
324 3620 382 3691 illo,
396 3622 426 3678 et
439 3619 551 3678 senibus
564 3620 742 3686 medicantur
754 3621 872 3680 anhelis.

182 3701 239 3760 Sed
251 3720 341 3778 neque
354 3699 515 3771 Madom
528 3699 607 3758 silva)
621 3700 768 3773 ditissima,
780 3704 866 3774 terra,

142 3780 206 3840 Neo
218 3780 335 3857 pulcher
349 3780 472 3857 Ganges,
485 3781 570 3856 atqua
584 3799 652 3838 auro
665 3781 796 3839 turbidus
809 3781 946 3853 Hermus,

142 3860 288 3919 Laudibus
302 3859 394 3918 Italiae
407 3861 533 3931 cartant3
553 3879 611 3918 non
624 3859 738 3932 Bactra,
748 3881 838 3939 nequa
852 3860 927 3934 Indi,

144 3941 273 4018 Totaque
285 3939 430 3999 thuriferis
445 3939 587 3999 Panchaia
598 3939 712 4019 pinguis
726 3940 825 4001 arenis.
