2370 4260
453 127 595 173 AENEIDOU
609 129 671 171 LIB.
686 130 729 172 Π.

124 267 313 329 Constemunt
327 274 435 331 terrum
448 292 582 332 concusso
595 273 694 351 stipite
707 274 836 334 frondes:

125 347 198 425 Ipsa
206 351 288 410 haeret
301 353 434 430 scopulis,
448 356 486 425 et,
500 341 640 430 quantum
652 354 757 412 vertice
771 354 807 413 ad
821 375 902 414 auras

132 427 271 503 AEtherias
283 434 401 490 tantum
413 433 505 491 radice
517 433 548 490 in
562 433 681 491 Tartara
692 434 803 493 tendit:

134 506 215 568 Haud
224 531 299 570 secus
312 512 431 570 assiduis
443 512 511 572 hinc
524 515 610 589 atquc
622 513 689 572 hinc
701 513 818 572 vocibus
831 513 914 573 heros

87 607 89 636 ι
138 585 271 663 'lbrnditun
285 594 315 650 ct
327 611 432 670 magno
444 592 584 670 persentit
596 596 709 669 pectore
722 613 820 652 curas:

140 664 212 727 Mens
221 670 337 729 immota
348 675 462 743 manet3
481 671 605 730 lacrimae
617 672 772 731 volvrmtur
785 674 892 732 inanes.

179 747 238 807 Tun
249 770 314 810 vero
326 751 426 810 infelix
438 752 505 810 fatis
519 752 655 811 exterrita
667 751 744 811 Dido

145 823 247 888 Mortem
258 834 337 904 oret3
356 831 447 890 taedct
460 831 523 890 coeli
535 851 659 890 convexa
670 832 754 890 tueri.

148 904 197 976 Quo
206 910 288 988 magis
299 909 447 988 inceptum
459 915 585 989 peragat,
597 911 745 988 lucemque
757 911 907 989 relinquat,

148 981 216 1060 Vidit,
227 989 404 1049 thuricremis
418 1011 506 1067 quum
519 991 593 1049 dona
604 991 762 1069 imponeret
775 992 839 1063 aris,

149 1061 304 1128 chendum
317 1069 406 1142 dictu,
418 1070 517 1128 latices
530 1071 687 1148 nigrescere
700 1091 801 1143 sacros,

151 1141 253 1224 llueque
264 1149 295 1207 in
308 1149 461 1208 obscenum
474 1170 504 1209 se
516 1154 626 1208 vertere
638 1149 706 1208 vina
718 1171 854 1210 cruorem.

152 1221 199 1283 Hoc
208 1228 293 1286 visum
305 1229 387 1301 nulli,
400 1250 458 1289 non
470 1229 525 1306 ipsi
538 1231 623 1288 effata
635 1231 732 1288 sorori.

106 1352 109 1357 ψ
151 1299 263 1367 Preterea
274 1308 331 1367 fuit
344 1309 472 1368 intectis
486 1310 520 1368 de
533 1329 672 1368 marmore
684 1310 824 1386 templum

152 1379 257 1465 (bijugis
270 1389 389 1465 antiqui,
402 1389 474 1447 miro
488 1390 564 1465 quod
575 1389 682 1448 honore
696 1390 814 1461 colebat,

151 1457 278 1526 Velleribus
291 1469 382 1526 niveis
395 1470 425 1526 et
437 1469 511 1527 festa
522 1469 621 1527 fronde
633 1469 809 1527 revinctum:

151 1538 208 1604 Hinc
218 1547 339 1606 exaudiri
350 1568 434 1606 voces
447 1553 477 1608 et
488 1549 575 1607 verba
586 1548 715 1606 vocantis
811 1561 813 1567 '

151 1617 200 1682 Visa
209 1626 265 1700 viri,
278 1648 336 1687 nox
349 1648 437 1704 quum
449 1630 539 1687 terras
552 1629 671 1687 obscura
682 1630 809 1686 teneret:

152 1697 242 1781 Solaque
254 1707 425 1766 culminibus
439 1707 519 1766 ferali
531 1708 654 1766 carmine
666 1708 742 1767 bubo

152 1776 210 1858 Saepe
220 1789 303 1863 queri,
316 1790 348 1846 et
359 1787 459 1866 longas
471 1788 502 1845 in
515 1788 615 1846 fletum
628 1787 728 1846 ducere
740 1806 831 1845 voces.

151 1855 274 1942 Multaque
286 1869 424 1945 praeterea
436 1870 536 1925 vatum
548 1867 684 1944 praedicta
696 1867 809 1945 piorum

151 1935 254 2003 Terribili
266 1946 381 2006 monitu
393 1947 566 2006 horrificant.
607 1947 680 2024 Agit
692 1947 752 2024 ipse
765 1946 907 2006 furentem

152 2013 281 2084 Insomnis
294 2026 371 2085 ferus
384 2027 505 2098 AEneas3
525 2046 688 2103 semperque
700 2025 821 2102 relinqui

150 2093 199 2160 Sola
208 2105 265 2178 sibi,
277 2126 388 2183 semper
399 2106 515 2184 longam
526 2106 694 2164 incomitata
705 2105 819 2164 videtur

150 2171 185 2236 Ire
194 2184 268 2256 viam,
283 2189 313 2244 et
327 2186 429 2263 Tyrios
442 2187 553 2244 deserta
566 2205 689 2261 quaerere
701 2188 786 2243 terra.

149 2251 317 2323 Eumenidum
329 2265 421 2323 veluti
433 2265 547 2324 demens
560 2265 639 2323 videt
652 2265 767 2342 agmina
780 2264 934 2334 Pentheus,

148 2330 180 2394 El
190 2344 268 2403 solem
281 2345 437 2423 geminum,
450 2348 480 2403 ct
494 2345 617 2421 duplices
631 2365 660 2402 se
674 2344 820 2403 ostendere
834 2344 962 2413 Thebas3

146 2412 195 2479 Aue
205 2424 444 2502 Agamemnonius
458 2425 548 2483 scenis
561 2424 687 2501 agitatus
701 2424 824 2494 Orestes,

144 2492 276 2562 &matam
287 2505 396 2563 facibus
409 2508 529 2562 matrem
543 2507 572 2562 et
586 2504 761 2580 serpentibus
775 2503 844 2561 atris

144 2570 222 2644 Quum
234 2584 319 2661 fugit,
332 2584 503 2660 ultricesque
516 2584 615 2642 sedent
627 2584 658 2641 in
669 2583 768 2641 limine
782 2583 870 2639 Dirae.

175 2658 244 2740 Ergo
256 2663 307 2722 ubi
321 2665 449 2741 concepit
463 2663 572 2734 Furias,
586 2663 678 2721 evicta
691 2663 794 2733 dolore,

141 2726 316 2819 Decrevitque
329 2743 411 2816 mori,
424 2747 537 2819 tempus
550 2762 646 2800 secum
658 2743 720 2820 ipsa
731 2742 904 2817 modumque

140 2806 237 2896 Exigit,
250 2827 279 2880 et
292 2826 426 2880 maestam
438 2823 522 2881 dictis
536 2842 669 2899 aggressa
681 2841 806 2880 sororem

142 2888 283 2959 Consilium
296 2902 382 2960 vultu
394 2903 478 2980 tegit,
491 2922 524 2960 ac
537 2922 616 2978 spem
628 2901 722 2960 fronte
736 2902 862 2960 serenat:

142 2972 158 2998 “
166 2972 263 3052 Inveni,
277 3002 421 3060 germana,
434 2982 662 3059 viam—gratare
675 2982 804 3039 sorori-

144 3048 205 3121 (ἔω
214 3060 282 3118 mihi
294 3061 396 3119 reddat
409 3081 483 3131 eum,
496 3061 542 3119 vel
555 3081 587 3118 ec
600 3080 646 3118 me
659 3061 751 3119 solvat
764 3062 917 3118 amantem.

146 3128 235 3196 Oceani
246 3141 332 3199 finem
341 3140 426 3217 juxta
438 3141 579 3216 solemque
593 3141 741 3198 cedentem

146 3205 257 3277 Ullirnus
270 3220 442 3296 AEthiopum
454 3221 532 3278 locus
546 3222 598 3290 est,
611 3220 661 3276 ubi
674 3220 813 3277 maximus
827 3218 910 3276 Atlas

147 3286 223 3354 Axem
234 3299 352 3358 humero
365 3303 480 3375 torquet
494 3298 583 3357 stellis
596 3299 759 3357 ardentibus
774 3303 889 3376 aptum:

147 3361 212 3432 Hinc
224 3380 293 3436 mibi
306 3379 443 3456 Massylae
456 3378 551 3456 gentis
565 3382 724 3437 monstrata
737 3380 873 3448 sacerdos

145 3439 321 3531 Hesperidum
334 3458 435 3534 templi
449 3462 552 3528 custos,
566 3459 716 3534 epulasque
730 3458 844 3516 draconi

144 3519 205 3588 Quae
218 3536 308 3610 dabat,
322 3541 352 3596 et
365 3558 457 3596 sacros
471 3538 600 3595 servabat
614 3537 644 3594 in
657 3539 754 3596 arbore
767 3556 868 3605 ramos,

139 3594 270 3691 spargens
283 3617 403 3675 humida
415 3617 499 3675 mella
512 3616 751 3693 soporiferumque
764 3635 894 3693 papaver.

133 3670 210 3748 Ηῧθῦ
221 3715 247 3754 se
260 3697 430 3756 carminibus
443 3696 589 3774 promittit
603 3696 708 3753 soluere
721 3698 840 3766 mentes,

129 3748 211 3826 Quas
223 3777 302 3832 velit:
320 3778 368 3833 ast
379 3776 442 3832 aliis
455 3777 540 3834 dures
554 3776 715 3837 immittere
728 3797 830 3852 euras3

112 3821 222 3903 Slsberc
232 3870 333 3924 aquam
346 3853 452 3927 dumis,
468 3859 499 3914 et
513 3860 629 3920 vertere
643 3859 742 3923 sidera
754 3864 858 3940 retro,
