2446 4260
133 195 173 256 22
435 211 464 254 r.
476 209 617 257 rmernn
629 208 771 254 nuncius

132 353 268 426 Deferar3
288 355 447 413 exiremum
458 353 513 412 hoc
526 374 630 412 munus
642 352 790 412 moriensis
803 352 919 413 habebo.

133 433 241 492 Desine
255 432 413 506 Maenalios,
422 434 484 512 jam
497 433 601 506 desine,
614 433 694 506 tibia,
707 433 834 492 versus.'‘

173 513 246 572 Haec
260 513 390 572 Damon:
410 533 471 586 vos,
485 534 547 592 quae
559 513 735 591 responderit
748 512 957 591 Alphesiboeus.

133 592 240 665 Dicite,
253 592 397 666 Pierides3
416 614 475 652 non
488 593 583 652 omnia
596 613 744 670 possumus
758 613 865 652 omnes.

173 672 273 731 ΑΗΕ.
288 673 394 732 “Effer
407 694 517 751 aquam,
531 676 561 732 et
574 673 654 731 molli
667 673 749 750 cinge
761 673 822 732 haec
835 673 936 732 altaria
944 673 1031 746 vihta,

133 752 332 830 Verbenasque
345 753 425 811 adole
437 753 557 830 pingues
570 756 600 811 et
612 753 737 811 mascula
748 753 846 813 thura.

134 831 271 910 Gonjugis
283 835 318 890 ut
330 833 449 911 magicis
462 853 545 891 sanos
557 835 684 892 avertere
696 832 782 891 saeris

133 912 272 989 Experiar
285 932 382 970 sensus
392 937 399 984 ;
418 912 492 970 nihil
504 912 552 971 hic
564 912 621 970 nisi
633 913 760 970 carmina
771 913 885 970 desunt.

133 991 240 1050 Ducite
253 993 289 1051 ab
302 993 372 1051 urbe
385 993 510 1064 domum,
523 1012 588 1051 mea
600 992 734 1065 carmina,
747 991 844 1055 duciae
856 991 1004 1071 Daphnin.

134 1070 268 1130 Carmina
279 1071 326 1130 vel
339 1072 410 1130 coelo
422 1074 542 1149 possunt
555 1071 691 1131 deducere
703 1073 818 1145 lunam3

134 1150 315 1210 Carminibus
328 1150 409 1210 (lime
422 1151 512 1210 socios
525 1151 652 1210 mutavit
665 1151 745 1210 Ulixi
755 1176 762 1224 ;

133 1230 269 1308 Frigidus
281 1231 313 1289 in
325 1232 415 1308 pratis
427 1232 568 1290 cantando
580 1231 724 1309 rumpilur
737 1230 847 1310 anguis

133 1308 240 1369 Duciie
253 1311 290 1369 ab
301 1311 372 1370 urbe
385 1312 509 1384 domum,
522 1331 586 1370 mea
598 1311 731 1384 earmina
745 1311 840 1371 ducite
852 1310 1001 1389 Daphnin.

133 1391 228 1449 Terna
239 1390 295 1449 ribi
306 1391 368 1450 haec
380 1391 505 1469 primum
517 1391 624 1468 triplici
637 1392 747 1451 diuersa
760 1392 852 1453 colore

133 1469 215 1528 Liria
226 1469 378 1545 circumdo,
391 1473 491 1549 ierque
503 1471 564 1530 haec
577 1471 678 1530 altaria
690 1472 796 1534 circum

133 1549 268 1627 Effigiem
281 1551 371 1623 duco;
389 1571 508 1614 numero
522 1552 591 1610 deus
603 1551 710 1628 impare
723 1551 840 1629 gaudete

134 1629 241 1688 Ducite
254 1631 290 1689 ab
303 1631 373 1689 urbe
386 1632 511 1704 domum,
524 1651 589 1690 mea
602 1631 735 1704 carmina,
748 1630 844 1689 ducite
856 1627 1004 1707 Daphnin.

134 1709 229 1768 Nee’re
240 1710 334 1769 tribus
347 1711 429 1769 nodis
442 1714 547 1783 hernes,
561 1710 710 1789 Amarylli,
725 1711 847 1782 colores3

133 1787 237 1862 Necle,
250 1790 400 1868 Ammyssi,
413 1792 515 1863 m0d03
536 1794 566 1849 ei
579 1790 706 1862 Veneris,
719 1791 773 1861 dic,
786 1788 901 1848 vincula
912 1789 1008 1846 necho.

134 1867 241 1927 Ducite
254 1870 291 1929 ah
303 1870 373 1929 urbe
386 1871 511 1942 domum,
520 1890 584 1929 mea
597 1870 729 1941 carmina,
743 1869 839 1928 ducilre
851 1867 999 1946 Daphnin.

134 1947 236 2007 Limus
248 1952 283 2008 ui
296 1949 344 2008 hic
357 1950 490 2023 dmescih
503 1953 534 2009 el
546 1950 607 2008 haec
619 1952 654 2008 ui
667 1970 730 2008 cera
742 1948 858 2026 liquesit

134 2028 203 2087 Uno
216 2029 369 2108 eodemque
381 2030 459 2108 igni:
480 2030 520 2088 sic
532 2033 631 2088 nostro
645 2029 777 2107 Daphnis
789 2048 892 2087 amore.

135 2108 243 2186 Sparge
255 2109 369 2181 molam,
383 2113 413 2168 et
426 2110 540 2188 fragiles
553 2109 672 2168 incende
684 2108 826 2168 bitumine
838 2109 950 2165 lauros:

135 2187 267 2266 Daphnis
279 2209 326 2248 me
339 2190 430 2248 malus
443 2190 510 2262 urii,
524 2210 577 2267 ego
590 2190 664 2248 hanc
677 2189 708 2247 in
721 2188 873 2266 Daphnide
885 2187 1008 2247 laurum.

135 2267 242 2326 Ducile
256 2270 291 2328 ab
304 2270 374 2328 urbe
387 2270 512 2341 domum,
524 2289 588 2328 mea
601 2269 734 2340 earmina,
748 2268 843 2330 ducite
856 2266 1003 2344 Daphnin.

134 2346 212 2405 Talis
226 2368 305 2407 amor
318 2348 463 2426 Daphnin,
477 2348 567 2426 qualis
581 2368 669 2426 quum
681 2348 755 2407 fessa
763 2349 919 2426 juvencum

133 2426 190 2485 Per
203 2448 322 2487 nemora
334 2432 420 2505 alque
433 2429 505 2487 alios
519 2429 668 2505 quaerendo
681 2428 784 2487 bucula
794 2427 873 2486 lucos

133 2506 256 2584 Propler
268 2528 347 2585 aquae
359 2509 453 2569 rivum
466 2508 551 2566 viridi
564 2509 726 2587 procumbit
738 2507 770 2565 in
782 2508 857 2580 ulva,

136 2585 262 2658 Perdita,
276 2608 328 2647 nec
341 2608 409 2646 serae
421 2589 553 2646 meminit
567 2588 699 2646 decedere
711 2588 830 2646 nocti—-

135 2666 212 2724 Talis
226 2687 305 2726 amor
317 2670 424 2740 teneat,
437 2689 489 2727 nec
503 2668 541 2726 sii
554 2669 627 2726 mihi
639 2689 706 2727 cura
718 2667 833 2726 mederi.

133 2742 241 2805 Ducite
254 2748 289 2806 ab
302 2748 371 2806 urbe
385 2749 510 2820 domum,
523 2768 587 2806 mea
600 2748 733 2820 camina,
747 2748 842 2805 duciae
855 2745 1003 2824 Daphnin.

134 2826 199 2884 Has
212 2826 280 2885 olim
293 2828 407 2889 exuvias
421 2828 494 2886 mihi
507 2828 631 2906 perfidus
643 2828 691 2886 ille
704 2826 819 2905 reliquii

134 2904 261 2982 Pignora
273 2927 337 2965 cara
350 2908 402 2978 sui,
416 2928 478 2986 quae
492 2929 567 2966 nunc
581 2928 634 2984 ego
647 2907 745 2965 limine
757 2907 789 2964 in
801 2906 871 2984 ipso,

134 2985 230 3057 Terra,
243 2987 299 3044 sibi
311 2987 432 3059 mand03
452 2988 557 3047 debent
570 2988 631 3046 haec
643 2988 763 3064 pignora
776 2985 923 3064 Daphnin.

133 3064 239 3124 Ducite
252 3066 288 3124 ab
301 3067 371 3125 urbe
384 3067 510 3137 domum,
523 3088 587 3126 mea
600 3067 733 3138 carmina,
748 3066 843 3125 duciae
856 3063 1004 3143 Daphnin.

134 3144 198 3202 Has
211 3145 313 3204 herbas
327 3150 412 3224 alque
424 3148 485 3205 haec
499 3147 595 3206 Ponlo
607 3146 680 3204 mihi
692 3147 767 3205 lecta
779 3166 888 3205 venena

134 3224 202 3302 Ipse
216 3225 295 3284 dedit
309 3225 427 3298 Moeris3
447 3230 604 3285 nascuntur
615 3226 739 3304 plurima
752 3226 857 3284 Penio.

134 3305 192 3363 His
206 3326 259 3382 ego
273 3326 345 3383 saepe
357 3306 458 3383 lupum
470 3306 533 3365 fieri
546 3311 576 3366 et
589 3327 618 3365 se
632 3306 751 3365 condere
764 3305 843 3364 silvis

134 3385 251 3459 Moerin,
265 3406 338 3462 saepe
352 3386 460 3444 animas
473 3386 538 3444 imis
552 3386 642 3445 excire
656 3386 800 3463 sepulcris,

135 3465 232 3542 Aique
246 3467 321 3524 salas
336 3465 390 3524 alio
403 3465 463 3524 vidi
475 3467 622 3525 traducere
635 3486 748 3524 messes.

133 3543 240 3604 Ducite
253 3546 289 3603 ab
302 3547 372 3604 urbe
385 3546 510 3617 domum,
524 3566 588 3604 mea
601 3546 733 3616 carmina,
744 3544 840 3604 ducile
853 3542 999 3621 Daphnin.

135 3623 192 3683 Fer
205 3625 319 3697 cineres,
333 3625 483 3703 Amarylli,
496 3626 579 3697 foras,
592 3626 708 3703 rivoque
721 3625 823 3683 fluenti

136 3703 282 3782 Transque
295 3709 382 3783 caput
391 3705 462 3782 jace,
476 3726 528 3764 nec
540 3705 703 3782 respexeris.
744 3705 802 3763 His
816 3724 869 3781 ego
882 3701 1021 3780 Daphnin

134 3784 310 3861 Aggrediar3
330 3785 403 3844 nihil
415 3785 463 3844 ille
476 3786 552 3857 deos,
565 3785 607 3842 nil
620 3784 745 3843 carmina
758 3787 848 3842 curat.

134 3862 240 3922 Ducite
251 3865 287 3923 ab
300 3866 370 3924 urbe
384 3865 509 3936 domum,
522 3886 586 3923 mea
599 3864 732 3936 carmina,
746 3864 842 3924 ducite
855 3861 1003 3941 Daphnin.

135 3942 256 4021 Aspice3
276 3945 412 4024 corripuit
425 3944 556 4005 tremulis
569 3943 670 4004 altaria
681 3943 804 4004 flammis
