2446 4260
470 220 613 292 mmo
626 221 688 263 ῙιῙΒ.
704 221 747 264 11.

135 361 268 421 Necnon
281 361 432 441 Messapus
445 366 554 436 contra,
567 363 724 440 celeresque
737 363 845 438 Latini,

134 441 177 500 Et
191 463 258 500 cum
271 443 358 502 fratre
372 443 468 516 Coras,
482 447 511 503 et
524 444 644 522 virginis
657 445 702 504 ala
715 444 850 518 Camilla,

133 522 256 581 Adversi
269 543 369 601 campo
382 528 528 601 apparent,
540 524 692 602 hastasque
705 525 830 583 reductis

134 601 317 661 Protendunt
330 604 415 682 longe
428 604 544 675 dextris,
557 607 588 662 et
601 604 709 681 spicula
720 604 852 676 vibrant3

134 681 340 760 Adventusque
353 682 447 741 virum
459 684 644 761 fremitusque
658 684 778 743 ardescit
792 704 937 762 equorum.

134 760 259 839 Jamque
272 762 349 821 intra
357 763 468 841 jactum
481 764 532 822 teli
545 783 711 840 progressus
725 767 843 842 uterque

135 840 309 900 substiterat
322 867 328 901 :
349 843 444 902 subito
458 849 612 921 erumpunt
625 844 755 915 clamore,
768 844 977 923 frementesquo

134 920 335 980 Exhortantur
348 942 451 1000 equ0s;
470 923 596 981 fundunt
610 923 695 981 simul
707 924 832 1001 undique
844 924 903 984 tela

134 1000 240 1060 Crebra
253 1001 326 1059 nivis
340 1002 407 1073 ritu,
421 1001 580 1078 coelumque
593 1003 739 1061 obtexitur
751 1005 861 1063 umbra.

135 1080 279 1139 Continuo
292 1081 415 1140 adversis
429 1081 594 1160 Tyrrhenus
607 1087 637 1141 et
650 1102 714 1141 acer
726 1084 873 1142 Aconteus

135 1159 258 1218 (lonnixi
270 1161 419 1220 incurrunt
432 1162 531 1233 hastis,
545 1162 685 1239 primique
697 1162 810 1221 ruinam

134 1239 217 1298 Dant
231 1241 327 1299 sonitu
340 1241 460 1319 ingenti,
473 1242 668 1320 perfractaque
681 1242 948 1320 quadrupedantum

134 1318 257 1379 Pectora
268 1322 428 1398 pectoribus
441 1326 587 1398 rumpunt.
629 1323 772 1381 Excussus
786 1324 933 1381 Aconteus

135 1398 276 1458 Fulminis
290 1400 320 1457 in
333 1421 449 1473 morem,
464 1406 514 1460 aut
527 1405 672 1460 tormento
685 1402 816 1479 ponderis
831 1402 897 1476 acti,

135 1478 301 1557 Praecipitat
313 1480 406 1559 longe,
420 1485 450 1539 et
463 1482 553 1540 vitam
567 1481 705 1560 dispergit
718 1481 749 1538 in
762 1502 852 1540 auras.

134 1558 291 1636 Extemplo
303 1561 428 1619 turbatae
442 1561 522 1633 acies,
536 1561 664 1638 versique
678 1561 776 1618 Latini

134 1637 282 1716 Rejiciunt
295 1660 415 1717 parmas,
429 1644 459 1699 et
472 1660 559 1719 equos
573 1641 609 1698 ad
622 1641 728 1699 moenia
740 1643 867 1699 vertunt.

135 1718 224 1778 Troes
238 1722 346 1796 agunt;
365 1720 495 1797 princeps
507 1724 617 1778 turmas
631 1719 742 1778 inducit
755 1721 868 1798 Asylas.

135 1797 259 1876 Jamque
271 1799 498 1876 propinquabant
511 1800 611 1876 portis,
623 1819 776 1880 rursusque
789 1799 888 1858 Latini

135 1877 295 1937 Clamorem
307 1879 424 1951 tollunt,
437 1882 467 1938 et
480 1879 577 1938 mollia
590 1879 662 1938 colla
674 1879 843 1951 reflectuut;

134 1957 179 2015 Hi
191 1958 316 2036 fugiunt,
329 1959 499 2037 penitusque
512 1958 587 2017 datis
600 1959 762 2018 referuntur
774 1959 901 2018 habenis.

134 2037 234 2110 Qualis
247 2039 297 2096 ubi
310 2039 419 2098 alterno
432 2058 598 2117 procurrens
612 2039 727 2117 gurgite
740 2040 846 2116 pontus

133 2117 221 2177 Nunc
234 2118 293 2176 ruit
307 2118 344 2176 ad
355 2121 454 2191 terras,
468 2118 651 2197 scopulosque
665 2118 815 2197 superjacit
828 2118 935 2176 undam

134 2197 283 2273 Spumeus,
296 2200 508 2276 extremamque
521 2199 587 2258 sinu
598 2198 744 2276 perfundit
758 2217 887 2270 arenam;

133 2277 221 2335 Nunc
235 2277 348 2355 rapidus
361 2281 447 2350 retro,
460 2282 546 2356 atque
560 2283 633 2338 aestu
645 2278 775 2338 revoluta
786 2279 933 2338 resorbens

134 2357 208 2415 Saxa
220 2357 305 2435 fugit,
317 2358 442 2435 litusque
455 2359 527 2418 vado
540 2359 653 2418 labente
667 2357 811 2436 relinquit.

134 2436 186 2494 Bis
201 2436 287 2496 Tusci
300 2437 425 2496 Rutulos
439 2457 521 2516 egere
534 2439 571 2496 ad
583 2439 688 2498 moenia
700 2458 812 2497 versos:

133 2516 186 2574 Bis
199 2517 297 2595 rejecti
309 2519 394 2576 armis
407 2521 569 2595 respectant
581 2521 664 2595 terga
676 2522 816 2595 tegentes.

135 2596 234 2655 Tertia
247 2597 297 2656 sed
309 2600 461 2674 postquam
474 2597 617 2675 congressi
629 2598 660 2654 in
674 2597 779 2676 proelia,
793 2599 871 2654 totas

133 2673 304 2752 Implicuere
317 2677 392 2736 inter
405 2697 435 2736 se
448 2677 529 2748 acies,
542 2677 668 2754 legitque
682 2677 775 2734 virum
787 2675 848 2733 vir:

134 2754 211 2813 Tum
223 2777 290 2814 vero
304 2760 333 2816 et
346 2757 471 2835 gemitus
484 2757 665 2826 morientum,
680 2759 709 2814 et
723 2754 904 2832 sanguinein
918 2755 976 2814 alto

132 2836 287 2914 Armaque,
301 2857 479 2915 corporaque,
492 2841 523 2896 et
536 2835 670 2913 permixti
683 2836 761 2894 caede
773 2834 900 2893 virorum

133 2916 307 2975 Semanimes
320 2917 475 2975 volvuntur
488 2917 570 2994 equi;
589 2936 687 2994 pugna
700 2935 798 2992 aspera
810 2913 913 2992 surgit.

133 2996 297 3054 Orsilochus
311 2995 435 3069 Remuli,
449 2997 561 3074 quando
574 2996 669 3073 ipsum
681 2996 816 3054 horrebat
830 2995 916 3066 adire,

132 3076 259 3134 Hastam
272 3076 388 3135 intorsit
401 3097 482 3154 equo,
495 3077 656 3154 ferrumque
669 3076 721 3134 sub
735 3095 801 3134 auro
814 3074 945 3153 reliquit:

133 3156 197 3227 Quo
211 3156 322 3234 sonipes
334 3156 395 3215 ictu
408 3157 478 3214 furit
492 3157 604 3229 arduus,
619 3156 732 3232 altaque
740 3155 833 3233 jactat

132 3235 266 3295 Vulneris
279 3236 430 3314 impatiens
444 3239 553 3295 arrecto
566 3240 680 3314 pectore
693 3255 783 3294 crura.

132 3314 267 3374 Volvitur
280 3317 327 3375 ille
340 3337 472 3375 excussus
484 3315 575 3374 humi.
617 3315 738 3374 Catillus
751 3315 853 3386 Iollan,

132 3393 342 3473 Ingentemque
356 3396 466 3469 animis,
479 3395 628 3474 ingentem
641 3415 757 3472 corpore
770 3397 800 3454 et
814 3393 899 3453 armis

132 3473 241 3552 Dejicit
254 3475 454 3548 Herminium
475 3477 551 3535 nudo
565 3475 613 3535 cui
625 3474 731 3534 vmtice
744 3475 822 3533 fulva

132 3552 274 3625 Caesaries,
287 3555 411 3631 nudique
424 3556 552 3628 humeri;
571 3576 623 3614 nec
636 3555 754 3613 vulnera
766 3555 892 3624 terrent3

133 3632 244 3692 Tantus
259 3635 289 3692 in
302 3655 381 3693 arma
392 3639 482 3712 patet.
523 3637 612 3695 Latos
625 3635 693 3693 huic
706 3636 790 3693 hasta
803 3652 853 3711 per
866 3651 959 3690 armos

131 3714 208 3771 Acta
222 3714 328 3786 tremit,
342 3715 522 3793 duplicatque
535 3716 629 3774 virum
641 3715 779 3773 transfixa
791 3711 895 3771 dolore.

131 3792 277 3852 Funditur
291 3797 352 3852 ater
364 3794 469 3873 ubique
482 3815 580 3854 cruor:
602 3795 672 3852 dant
685 3795 785 3852 funera
797 3792 871 3851 ferro

131 3873 282 3933 Gertautes
295 3875 498 3952 pulchramque
510 3877 616 3953 petunt
627 3893 678 3952 per
690 3873 808 3931 vulnera
818 3873 951 3933 mortem.

165 3955 212 4011 At
220 3955 329 4013 medias
339 3954 418 4014 inter
429 3954 524 4016 cedes
537 3955 667 4017 exsultat
680 3955 825 4030 Amazon,
