2446 4260
462 217 641 261 GEOBGIOON
653 219 715 261 m.
729 219 780 261 111.

150 354 251 418 Victor
262 380 361 439 equus,
373 360 523 438 fontesque
537 361 684 434 evertitur,
698 364 728 421 et
740 363 811 441 pede
822 364 930 423 terrum

151 435 257 499 Crebra
267 441 352 514 ferit3
372 441 501 499 demissae
514 461 611 513 eures3
630 442 754 501 incertus
767 442 873 502 ibidem

150 514 250 593 Sudor,
262 524 291 579 et
303 521 351 579 ille
365 521 479 598 quidem
491 521 636 580 morituris
647 522 783 599 frigidus;
803 527 864 582 aret

151 593 247 672 Pollis,
259 604 289 659 et
302 601 337 659 ad
349 604 462 659 tactum
474 601 612 660 mactanti
624 602 695 660 dure
706 603 823 661 resistit.

153 673 226 737 Haec
238 684 301 739 ante
314 680 435 740 exitium
448 681 546 758 primis
559 681 629 739 dant
642 681 724 759 signe
736 682 844 743 diebus.

156 753 208 814 Sin
217 759 245 816 in
255 780 386 837 processu
398 760 486 838 ooepit
498 760 658 820 crudescere
670 761 802 821 morbus:

159 831 229 896 'Ilm
238 859 302 898 vero
314 841 445 899 ardentes
457 840 540 912 oculi,
553 843 638 918 etque
651 844 791 900 attractus
804 843 840 900 eb
853 842 912 901 ulto

164 911 278 992 Spiritus,
290 919 435 979 interdum
447 920 558 998 gemitu
568 921 663 998 gravis
672 945 680 993 ;
698 921 810 999 imaque
821 922 908 1000 longo

166 990 215 1054 Ilia
224 999 343 1077 singultu
352 1000 477 1058 tendunt
485 1025 493 1072 ;
511 1001 537 1058 it
549 1001 663 1059 neribus
677 1004 738 1059 ater

171 1072 276 1154 Sangus,
289 1083 319 1138 et
331 1080 458 1139 obsessas
470 1081 563 1138 fauces
575 1081 679 1157 premit
692 1100 791 1158 erpere
801 1081 915 1160 lingua:

172 1150 261 1217 Profuit
271 1159 377 1219 inserto
389 1159 486 1218 latices
499 1160 645 1219 infimdere
657 1180 746 1218 cornu

176 1231 281 1312 leneos3
300 1260 334 1299 ee
346 1240 407 1298 vise
419 1239 494 1298 salus
507 1239 693 1299 morientibus
706 1260 772 1298 une.

177 1310 225 1374 Mor
234 1322 289 1377 eret
301 1321 356 1378 hoo
368 1319 462 1397 ipsum
475 1319 571 1392 exitio,
583 1320 718 1396 firriisqne
731 1319 830 1378 refecti

178 1392 301 1471 Auerno,
313 1399 423 1477 ipsique
436 1419 510 1471 snos,
518 1399 581 1477 jem
593 1402 685 1458 morte
699 1400 752 1458 sub
765 1419 850 1477 segra,

180 1471 332 1546 (Dineliora
343 1479 407 1557 piis,
420 1499 596 1556 erroremque
608 1479 739 1538 hostibus
752 1479 833 1541 illum
842 1480 864 1557 l)

178 1548 285 1617 Dimissos
297 1559 383 1618 nudis
394 1559 538 1618 laniabunt
551 1559 684 1618 dentibus
698 1562 785 1617 ortus.

177 1627 330 1698 dueentem
343 1639 413 1698 duro
425 1639 537 1698 firmans
550 1639 603 1698 sub
616 1659 729 1698 vomere
741 1642 841 1699 taurus

177 1707 284 1792 buddo,
297 1722 327 1778 et
340 1719 464 1776 mixtum
476 1719 583 1797 spumis
595 1719 687 1777 vomit
700 1739 748 1778 ore
757 1738 895 1791 eruorem,

134 1802 139 1821 ¹
176 1785 352 1876 llttremosque
365 1799 421 1858 ciet
433 1799 567 1876 gemitus.
607 1798 640 1857 It
652 1798 744 1857 tristis
757 1803 860 1870 erutor,

174 1863 310 1937 Merentem
323 1879 478 1956 objungens
491 1878 616 1937 fraterno
627 1881 720 1937 morte
728 1878 893 1956 juvencum,

174 1945 242 2030 Atque
254 1978 335 2035 opere
348 1959 380 2016 in
392 1959 484 2017 medio
497 1959 589 2017 defixa
600 1958 735 2035 relinquit
748 1962 850 2017 aratro.

172 2022 218 2091 lion
228 2040 333 2098 umbrae
345 2039 468 2114 altorum
480 2058 637 2108 nemorum,
650 2058 708 2096 non
721 2038 817 2096 mollis
828 2040 948 2115 possunt

171 2100 234 2174 Pluto
244 2137 356 2177 movere
368 2118 502 2191 animum,
516 2139 574 2177 non
587 2117 636 2194 qui
649 2137 699 2194 per
712 2137 778 2175 saxa
790 2118 905 2176 volutus

169 2181 246 2254 Pun'or
257 2197 361 2256 electro
374 2217 505 2275 eampum
517 2198 592 2275 petit
604 2197 711 2256 omnis:
732 2200 763 2255 et
775 2197 834 2255 ime

167 2263 298 2334 Solvuntur
310 2278 407 2348 latera,
421 2280 505 2354 atque
519 2277 614 2336 oculos
628 2280 728 2353 stupor
741 2281 825 2354 urget
838 2278 951 2349 inertes,

162 2348 198 2409 dd
206 2357 362 2432 terramque
375 2357 439 2415 fluit
452 2356 556 2415 devexo
569 2357 691 2434 pondere
705 2357 807 2414 cervix.

161 2428 220 2502 Quid
231 2435 311 2495 labor
323 2439 374 2494 aut
386 2437 532 2495 benefacta
540 2435 669 2514 juvent?
689 2436 758 2513 quid
770 2455 882 2495 vomere
895 2439 985 2494 terres

155 2506 298 2575 invertisse
311 2516 433 2593 graves?
454 2517 533 2593 etqui
546 2537 604 2575 non
617 2516 737 2574 Massica
750 2515 858 2574 Bacchi

150 2589 269 2667 Munera,
281 2615 340 2655 non
352 2595 409 2654 illis
422 2595 512 2672 epulae
526 2615 645 2654 nocuere
658 2597 798 2672 repostae:

147 2670 303 2735 Frondibus
316 2679 347 2734 et
359 2675 438 2734 victu
450 2678 604 2752 pascuntur
617 2674 751 2752 simplicis
764 2674 876 2744 herbee;

144 2750 249 2813 Pocula
261 2758 330 2813 sunt
342 2755 434 2814 fontes
446 2754 546 2831 liquidi
559 2758 644 2830 atque
657 2755 778 2813 exercite
791 2774 875 2813 cursu

142 2831 292 2907 Flumine3
310 2855 362 2894 neo
376 2855 488 2894 somnos
502 2834 645 2911 abrumpit
659 2855 726 2906 oure
739 2835 873 2892 salubres.

140 2911 279 2991 Tempore
291 2935 349 2974 non
362 2914 416 2974 elio
429 2915 528 2973 dicunt
540 2914 701 2992 regionibus
713 2914 770 2972 illis

139 2992 281 3064 Quaesitos
294 2995 331 3052 ed
343 3014 421 3053 sacre
432 2994 518 3053 boves
531 2994 663 3066 Jmmnis,
677 2997 707 3051 et
719 2993 778 3052 uris

137 3071 301 3149 Imparibus
313 3073 413 3133 ductos
426 3074 485 3132 altu
496 3074 532 3132 ad
544 3073 659 3132 donaria
671 3093 777 3132 currus.

136 3152 220 3230 Ergo
233 3172 309 3231 aegre
321 3153 420 3212 restris
432 3157 538 3212 terram
550 3154 699 3224 rimentur,
713 3155 743 3211 et
756 3151 824 3230 ipsis

136 3232 293 3310 Unguibus
305 3233 448 3292 infodiunt
460 3234 564 3310 fruges,
577 3236 744 3308 montesque
756 3252 807 3309 per
819 3230 892 3291 altos

137 3311 284 3371 Contenta
296 3314 401 3372 cervice
413 3313 534 3371 trahunt
547 3313 697 3370 stridentia
708 3312 844 3389 plaustro.

137 3391 208 3450 Non
220 3393 305 3471 lupus
317 3393 432 3452 insidias
446 3391 572 3470 exploret
586 3391 671 3451 ovilio
683 3391 798 3462 circum,

134 3471 168 3530 N
168 3492 201 3530 eo
214 3473 347 3550 gregibus
360 3476 515 3531 nocturnus
529 3472 709 3542 obambulet3
730 3472 819 3529 aerior
831 3470 912 3528 illum

135 3551 214 3610 Oura
226 3552 341 3611 domat:
361 3552 457 3610 timidi
470 3553 561 3610 demae
574 3550 703 3627 cervique
716 3551 830 3628 fugaces

134 3630 168 3689 N
168 3651 225 3690 uno
234 3630 364 3708 interque
377 3652 459 3690 cenes
472 3634 502 3690 et
515 3631 620 3689 circum
632 3633 710 3688 tecte
722 3631 872 3707 vagentur.

134 3710 158 3768 J
158 3730 207 3768 am
219 3712 304 3770 meris
316 3712 447 3770 immensi
458 3711 567 3788 prolem
580 3714 609 3769 et
622 3730 711 3788 genus
724 3728 808 3768 omne
820 3710 981 3780 natantum,

133 3789 236 3850 Litore
247 3791 279 3849 in
291 3794 425 3862 extremo,
436 3811 487 3849 ceu
499 3791 635 3868 neufiuga
648 3809 771 3866 corporo,
785 3788 890 3845 fluctus
993 3803 998 3814 ’

133 3870 266 3943 Proluit;
285 3870 408 3930 insolitoe
420 3871 536 3948 firgiunt
548 3870 579 3927 in
592 3870 709 3927 flumine
721 3868 830 3946 phocae.

133 3949 243 4010 Interit
256 3954 287 4012 et
299 3951 393 4011 curvis
404 3951 511 4010 frustra
523 3949 636 4009 defenso
646 3948 761 4008 latebris
