2446 4260
141 211 200 270 386
447 222 474 264 r.
488 219 786 264 manumortis

143 365 267 443 Antiqui
279 364 371 445 proles
383 364 458 424 bello
471 362 607 441 praeclara
619 361 749 436 Dolonis,

144 446 270 505 Nomine
283 466 369 504 avum
382 445 513 516 referens,
527 444 621 501 animo
634 442 822 520 manibusque
835 445 997 520 parentem:

144 526 202 599 Qui
215 525 367 602 quondam,
381 527 475 583 castra
487 526 521 581 nt
535 522 669 581 Danaum
682 522 842 599 speculator
855 524 957 598 adiret,

144 605 241 662 Ausus
255 604 362 663 Pelidae
376 605 502 681 pretium
515 603 569 661 sibi
582 622 695 679 poscere
709 622 816 660 currus.

144 684 235 742 Illum
248 684 373 761 Tydides
387 683 442 741 alio
454 702 505 760 pro
519 681 624 741 talibus
639 682 713 739 ausis

144 763 251 822 Affecit
264 763 373 842 preti0;
393 782 444 820 nec
458 761 536 838 equis
550 762 657 838 aspirat
671 761 802 821 Achillis.

144 843 235 901 Hunc
248 843 347 919 procul
359 845 393 900 ut
407 861 507 918 campo
520 842 634 899 Turnus
647 841 792 919 prospexit
806 844 917 918 aperto,

144 923 224 980 Ante
237 922 294 980 levi
302 921 397 999 jaculo
409 920 529 998 longum
543 941 593 999 per
606 921 690 981 inane
704 924 827 993 secutus,

146 1001 230 1058 Sistit
244 1021 330 1077 equos
343 1001 462 1078 bijuges,
476 1003 506 1059 et
520 1021 605 1059 curru
618 1001 721 1072 desilit,
735 1005 822 1078 atque

146 1079 310 1137 Semianimi
323 1080 457 1157 lapsoque
470 1080 642 1158 supervenit,
656 1084 686 1139 et
699 1081 770 1158 pede
783 1079 866 1151 collo,

145 1159 289 1237 Impresso
303 1160 411 1219 dextrae
425 1179 590 1219 mucronem
602 1163 761 1237 extorquet,
775 1163 805 1218 et
818 1161 876 1218 alto

146 1238 320 1316 Fulgentem
334 1240 425 1318 tingit
433 1239 537 1318 jugulo
548 1265 554 1311 ;
575 1245 661 1317 atque
674 1241 734 1298 haec
748 1240 862 1316 insuper
876 1239 974 1300 addit:

145 1322 162 1349 “
171 1318 228 1391 En,
241 1339 324 1396 agros
338 1323 376 1392 et,
391 1340 477 1396 quam
489 1320 571 1391 bel10,
586 1320 715 1398 Trojano,
728 1320 838 1397 petisti,

144 1397 316 1476 Hesperiam
328 1400 430 1459 metire
438 1399 552 1477 jacens:
572 1399 634 1458 haec
647 1399 773 1477 praemia,
787 1399 836 1477 qui
849 1419 896 1458 me

145 1476 234 1537 Ferro
248 1479 308 1537 ausi
321 1482 442 1551 tentare,
456 1480 568 1538 senmt:
590 1479 630 1537 sic
643 1480 750 1538 moenia
763 1479 921 1539 condunt.”

144 1557 224 1633 Huic
238 1559 372 1618 comitem
385 1560 518 1618 Asbnten
531 1558 659 1636 conjecta
671 1559 787 1636 cuspide
799 1559 903 1631 mittit,

145 1636 324 1716 Chloriaqne,
339 1639 534 1717 Sybarimque,
547 1639 720 1716 Daretaque,
734 1639 1016 1718 Thersilochumque,

145 1717 188 1776 Et
201 1719 337 1777 sternacis
350 1719 416 1795 equi
428 1719 540 1796 lapsum
553 1719 660 1778 cervice
673 1718 858 1796 Thymoeten.

144 1798 189 1855 Ac
202 1798 281 1857 velut
295 1798 390 1856 Edoni
403 1799 503 1858 Boreae
516 1819 607 1876 quum
621 1799 738 1876 spiritus
752 1799 812 1858 alto
975 1858 980 1867 ἱ

144 1875 266 1936 Insonat
279 1877 388 1956 AEgaeo,
401 1879 584 1956 sequiturque
597 1879 634 1937 ad
646 1878 732 1936 litora
740 1879 854 1950 fluctus,

144 1955 208 2028 Qua
220 1957 301 2015 venti
313 1958 474 2030 incubuere,
487 1959 586 2036 fugam
599 1959 670 2016 dant
683 1959 782 2016 nubila
794 1958 883 2017 coelo:

143 2036 190 2094 Sic
204 2037 310 2109 Turno,
324 2058 500 2115 quacumque
513 2038 590 2096 viam
604 2042 680 2096 secat
694 2038 809 2115 agmina
822 2039 937 2110 cedunt,

144 2114 348 2194 Conversaeque
361 2121 450 2176 ruunt
463 2119 552 2189 acies3
572 2118 629 2175 fert
642 2117 766 2194 impetus
779 2118 883 2196 ipsum,

143 2195 185 2254 Et
199 2196 315 2254 cristam
329 2198 445 2256 adverso
460 2218 544 2255 curru
558 2197 652 2273 quatit
666 2218 734 2255 aura
746 2198 902 2256 volantem.

142 2274 212 2333 Non
225 2276 295 2333 tulit
309 2277 465 2334 instantem
479 2276 611 2353 Phegeus
625 2277 782 2353 animisque
795 2278 983 2336 frementem:

144 2353 256 2432 Objecit
270 2375 329 2413 sese
343 2357 379 2413 ad
392 2377 515 2427 currum,
530 2359 559 2413 et
573 2357 736 2432 spumantia
748 2357 835 2415 frenis

145 2434 203 2491 Ora
217 2435 370 2493 citatorum
384 2436 484 2493 dextra
496 2437 617 2494 detorsit
631 2457 775 2513 equorum.

143 2512 223 2571 Dum
236 2515 370 2587 trahitur,
384 2517 544 2592 pendetque
553 2517 640 2594 jugis,
654 2517 730 2574 hune
744 2517 803 2574 lata
815 2520 959 2575 retectum

143 2592 256 2652 Lancea
269 2598 458 2672 consequitur,
471 2597 634 2672 rumpitque
648 2596 735 2653 infixa
747 2596 861 2654 bilicem

143 2672 283 2747 Loricam,
298 2679 327 2733 et
341 2697 485 2733 summum
499 2677 634 2753 degustat
647 2676 763 2734 vulnere
777 2696 887 2753 corpus.

144 2752 198 2810 Ille
211 2759 309 2813 tamen
323 2756 411 2832 clipeo
425 2756 536 2834 objecto
550 2776 700 2813 conversus
714 2756 744 2812 in
757 2756 871 2814 hostem

143 2832 219 2905 Ibat,
235 2838 264 2892 et
278 2836 413 2893 auxilium
427 2837 513 2894 ducto
527 2855 660 2893 mucrone
673 2836 806 2911 petebat:

143 2913 239 2984 Quum
252 2917 316 2973 rota
328 2916 501 2992 praecipitem
515 2919 545 2974 et
558 2935 694 2992 procursu
707 2915 835 2973 concitus
849 2915 908 2974 axis

142 2991 272 3070 Impulit,
287 2995 461 3072 effunditque
474 2995 549 3065 s0103
570 2995 738 3071 Turnusque
751 2999 865 3053 secutus

142 3072 236 3130 Imam
250 3073 325 3131 inter
338 3075 448 3151 galeam
462 3075 567 3132 summi
579 3075 705 3133 thoracis
720 3078 749 3133 et
763 3096 826 3132 oras

141 3152 272 3211 Abstulit
286 3174 351 3212 ense
364 3158 458 3232 caput,
471 3158 660 3232 truncumque
673 3155 788 3231 reliquit
801 3174 904 3212 arenae.

181 3235 278 3310 Atque
292 3234 406 3291 eadum
420 3235 526 3311 campis
541 3235 632 3293 victor
646 3234 696 3292 dat
710 3235 809 3293 funera
823 3235 945 3305 Turnus

141 3312 257 3371 Interea
270 3313 381 3372 AEnean
395 3315 565 3374 Mnestheus
579 3317 609 3372 et
622 3314 696 3372 fidus
710 3315 836 3372 Achates

140 3393 334 3470 Ascaniusque
349 3414 441 3452 comes
456 3395 555 3452 castris
570 3397 695 3452 statuere
709 3397 869 3465 cruentum,

140 3473 276 3531 Alternos
289 3474 375 3551 longa
387 3474 529 3532 nitentem
543 3474 657 3550 cuspide
670 3495 793 3551 gressus.

141 3552 237 3624 Saevit,
252 3557 281 3612 et
294 3554 416 3612 infracta
427 3554 555 3611 luctatur
567 3554 704 3612 arundine
718 3554 810 3611 telum

139 3632 266 3709 Eripere,
281 3634 440 3711 auxilioque
454 3634 538 3705 viam,
553 3655 615 3710 quae
628 3633 764 3710 proxima,
778 3632 887 3710 poscit:

139 3710 217 3770 Ense
231 3717 326 3772 secent
339 3714 398 3771 lato
412 3713 523 3786 vulnuS,
536 3714 642 3790 telique
655 3714 795 3771 latebram

137 3789 317 3853 Rescindant
329 3794 454 3872 penitus,
466 3814 580 3871 seseque
593 3794 624 3851 in
636 3793 710 3851 bella
723 3793 884 3850 remittant.

135 3875 268 3959 Jamque
281 3877 382 3938 aderat
393 3874 510 3934 Phoebo
522 3877 592 3932 ante
602 3872 674 3929 ‘alios
685 3873 804 3927 dilectus
809 3871 893 3943 haqis

130 3959 252 4024 Iasides
264 3988 272 4023 z
293 3958 359 4022 aori
371 3958 525 4039 quondam
536 3953 587 4014 aui
598 3953 700 4026 eaptus
710 3965 808 4003 amore
