2446 4260
195 213 256 274 164
499 226 838 273 r.s1aa1nnrrsnorrs

196 371 383 450 Respicimus.
426 370 498 430 Dira
509 370 629 444 illuvies,
642 371 824 450 immissaque
836 372 935 446 barba,

197 451 368 511 consertum
380 454 543 529 tegumeus
563 451 634 511 inis:
654 454 686 510 at
699 454 792 510 cetera
805 452 919 527 Graius,

196 532 239 590 Ilt
252 532 395 608 quondam
407 531 507 609 patriis
569 530 684 609 Trojam
696 531 799 590 missus
811 532 843 590 in
856 533 952 593 armis.

196 611 282 688 Isque
296 611 345 669 uhi
357 610 518 670 Dardanios
530 611 647 670 habitus
660 613 691 669 et
703 610 790 670 Troia
801 611 877 671 vidit

195 691 287 749 Arma
299 690 406 768 procul,
418 690 535 767 paulum
547 693 664 768 aspectu
677 691 848 750 conterritam
861 692 955 766 hesit,

196 769 401 847 Continuitque
414 770 551 848 gradum3
570 790 638 829 mox
650 789 710 829 sese
723 770 760 828 ad
771 770 858 830 litora
869 791 994 852 pmceps

196 848 271 908 Cum
283 850 354 908 fletu
366 850 549 928 precibusque
561 850 649 908 tulit:
670 850 743 908 ‘Par
756 850 847 910 sidera
858 855 961 926 testor,

196 929 253 989 Per
266 949 389 1007 superos,
403 932 489 1006 atque
501 930 556 988 hoc
569 929 634 988 ooeli
647 929 778 1007 spirabile
789 930 905 990 lumen:

196 1009 303 1068 Tollite
315 1029 369 1082 me,
384 1009 502 1082 Teucri3
522 1029 712 1086 quascumque
725 1009 857 1069 abducite
868 1015 977 1083 terras;

195 1088 263 1147 Hoc
277 1092 322 1147 sat
335 1088 399 1147 erit.
439 1088 503 1147 Scio
516 1109 563 1148 me
576 1088 684 1147 Danais
697 1109 714 1148 e
727 1089 862 1149 classibus
875 1111 975 1165 unum,

196 1169 239 1226 Et
252 1169 327 1228 bello
341 1168 443 1227 Iliacos
456 1169 547 1227 fateor
558 1168 674 1246 petiisse
686 1172 812 1246 penates.

196 1247 254 1306 Pro
268 1266 332 1325 quo,
346 1248 370 1306 si
383 1248 494 1306 sceleris
506 1251 591 1307 tanta
603 1251 648 1306 est
660 1247 764 1326 injuria
776 1247 877 1320 nostri,

196 1327 327 1405 Spargite
340 1347 386 1386 me
398 1327 429 1385 in
442 1328 555 1400 fluctus,
569 1330 705 1404 vastoque
718 1328 881 1406 immergite
894 1332 993 1406 ponto.

196 1406 227 1464 Si
239 1427 331 1484 pereo,
344 1406 493 1465 hominum
505 1407 637 1466 manibus
649 1407 765 1485 periisse
773 1407 908 1485 juvabit?

196 1485 333 1558 Dixerat3
353 1489 383 1545 et
396 1506 489 1564 genua
502 1487 656 1564 amplexus,
669 1487 844 1565 genibusque
857 1487 991 1547 volutans

195 1566 342 1625 Haerebat.
383 1566 440 1638 Qui
453 1566 500 1638 sit,
513 1567 575 1638 fari,
590 1586 646 1642 quo
659 1566 797 1644 sanguine
810 1570 915 1640 cretus,

195 1646 373 1718 Hortamur;
393 1665 455 1723 quae
470 1645 570 1705 deinde
583 1646 675 1724 agitet
688 1647 811 1718 fortuna,
824 1646 918 1705 fateri.

196 1725 262 1802 [pse
274 1729 356 1803 pater
369 1725 499 1784 dextram
511 1725 659 1798 Anchises,
671 1725 750 1784 haud
762 1725 855 1785 multa
867 1728 1004 1800 moratus,

195 1804 257 1863 Dat
265 1805 373 1884 juveni,
387 1807 473 1883 atque
486 1805 614 1863 animum
627 1804 761 1881 praesenti
773 1805 892 1883 pignore
904 1806 1010 1868 firmat.

195 1884 250 1943 Ille
263 1885 336 1958 hoec,
350 1885 478 1963 deposita
490 1884 607 1943 tandem
619 1884 778 1957 formidine,
791 1886 885 1944 fatur:

235 1967 252 1995 ‘⁴
263 1964 351 2023 ‘Sum
362 1964 456 2042 patria
468 1984 503 2023 ex
517 1963 627 2036 Ithaca,
640 1984 734 2023 comes
747 1964 867 2024 infelicis
880 1963 971 2039 Ulixi,

195 2043 312 2102 Nomen
324 2044 539 2116 Achemenides,
553 2044 668 2122 Trojam
680 2044 809 2122 genitore
823 2044 982 2105 Adamasto

195 2123 323 2201 Paupere
339 2123 557 2216 (mansissetque
569 2124 682 2182 utinam
694 2123 811 2182 fortuna
819 2123 840 2200 l)
856 2125 1010 2200 profectus.

196 2203 255 2262 Hic
267 2223 322 2275 me,
337 2204 406 2261 dum
418 2202 523 2281 trepidr
535 2203 658 2262 crudelia
670 2202 770 2262 limina
781 2203 925 2279 linquunt,

196 2282 383 2342 Immemores
396 2283 464 2342 socii
475 2287 558 2341 vasto
572 2283 703 2360 Cyclopis
716 2282 747 2341 in
760 2286 843 2341 antro

196 2362 361 2421 Deseruere.
401 2363 512 2422 Domus
524 2362 602 2421 sanie
615 2363 788 2439 dapibusque
802 2362 935 2434 cruentis,

197 2441 283 2500 Intus
296 2463 391 2521 opaca,
404 2442 514 2520 ingens.
554 2441 622 2520 Ipse
635 2443 748 2513 arduus,
762 2441 875 2518 altaque
888 2442 985 2520 pulsat

198 2522 303 2594 Sidera,
320 2522 382 2599 (Di,
395 2522 484 2580 talem
497 2522 578 2580 terris
592 2521 712 2580 avertite
725 2524 836 2598 pestem
845 2521 866 2598 l)

197 2602 261 2660 Neo
272 2603 338 2661 visu
349 2601 448 2673 facilis,
461 2620 513 2660 nec
527 2601 608 2659 dictu
620 2601 738 2660 affabilis
752 2601 812 2658 ulli.

197 2681 359 2740 Visceribus
372 2681 539 2740 miserenum
552 2684 582 2739 et
595 2681 732 2758 sanguine
745 2680 869 2738 vescitur
882 2682 954 2738 atro.

196 2761 265 2819 Vidi
277 2764 399 2840 egomet,
414 2762 470 2820 duo
484 2761 518 2819 de
531 2780 648 2819 numero
663 2781 751 2837 quum
764 2780 880 2836 corpora
892 2763 991 2818 nostro

199 2841 305 2899 Prensa
318 2862 405 2899 manu
417 2861 522 2918 magna
534 2841 626 2898 medio
640 2840 787 2916 resupinus
800 2839 831 2896 in
844 2842 927 2897 antro

198 2920 355 2998 Frangeret
369 2921 405 2978 ad
418 2941 525 2991 saxum,
539 2920 670 2996 sanieque
683 2939 812 2996 exspersa
824 2921 958 2977 natarent

198 2998 327 3072 Limina3
347 3001 407 3058 vidi
420 3003 482 3058 atro
496 3020 584 3075 quum
597 3000 724 3057 membra
736 2998 855 3056 fluentia
866 2998 935 3056 tabo

198 3079 358 3152 Manderet,
372 3082 401 3138 et
414 3079 503 3157 tepidi
516 3082 671 3138 tremerent
684 3079 737 3136 sub
750 3078 883 3136 dentibus
896 3080 985 3136 artus.

197 3158 287 3217 Haud
300 3160 415 3237 impunc
429 3159 559 3234 quidem;
578 3179 630 3217 nec
643 3158 712 3216 talia
724 3178 822 3235 passus
837 3157 945 3229 Ulixes,

198 3239 348 3298 Oblitusve
362 3240 406 3297 sui
419 3242 462 3297 est
477 3238 595 3296 Ithacus
609 3238 769 3295 discrimine
782 3238 875 3295 tante.

198 3319 276 3376 Nam
289 3319 381 3390 simul,
396 3319 523 3396 expletus
536 3318 653 3394 dapibus
666 3318 788 3393 vinoque
801 3316 938 3394 sepultus,
1050 3318 1052 3321 ’

199 3398 344 3457 Cervicem
356 3399 488 3457 inflexam
501 3398 605 3475 posuit,
614 3397 760 3475 jacuitque
773 3417 822 3474 per
836 3399 952 3454 antrum

198 3477 368 3550 Immensus,
382 3478 488 3536 saniem
501 3481 631 3535 eructans
645 3497 677 3536 ao
690 3477 782 3534 frusta
794 3478 912 3534 cruento

198 3557 255 3616 Per
268 3578 399 3616 somnum
412 3557 566 3616 commixta
578 3577 673 3628 mer03
692 3577 753 3627 noa,
766 3576 872 3633 magna
883 3554 992 3632 precati

198 3637 335 3710 Numina,
348 3638 498 3712 sortitique
511 3637 594 3709 vices,
608 3657 665 3694 una
677 3637 801 3711 undique
815 3636 923 3693 circum

198 3716 366 3789 Fundimur,
380 3721 410 3777 et
423 3717 481 3776 telo
495 3717 592 3774 lumen
604 3716 779 3775 terebramus
793 3718 877 3774 acuto

199 3795 315 3875 Ingens,
330 3799 405 3874 quod
417 3802 501 3856 torva
513 3796 605 3855 solum
618 3795 671 3854 suh
683 3795 778 3855 fronte
790 3794 909 3866 latebat,

198 3876 326 3954 Argolici
339 3878 419 3955 clipei
433 3881 483 3936 aut
497 3876 632 3935 Phoebeae
645 3875 782 3952 lampadis
795 3875 895 3946 instar,

199 3954 240 4013 Et
253 3957 371 4015 tandem
382 3958 442 4016 laeti
455 3957 595 4016 sociorum
607 3955 769 4014 ulciscimur
781 3954 905 4012 umbras.
