2446 4260
206 217 225 271 6
501 231 838 276 nrrnmnnuanoms

207 370 233 430 O
249 373 366 431 tantum
378 372 466 433 libeat
479 395 592 434 mecum
604 375 660 434 tibi
673 375 786 434 sordida
798 395 864 433 rura

206 452 304 528 Atque
317 453 438 512 humiles
451 454 581 514 habitare
594 475 680 528 casas,
694 458 724 514 et
737 456 824 533 figere
838 474 943 525 cervos,

206 530 419 610 Haedorumque
432 554 548 612 gregem
560 534 645 592 viridi
658 535 823 612 compellere
836 535 959 593 hibisco!

206 609 324 669 Mecum
337 633 394 671 una
406 613 436 671 in
449 614 527 671 silvis
540 614 687 673 imitabere
701 615 781 672 Pana
793 614 935 687 canend03

207 688 271 748 Pan
283 691 392 767 primus
405 693 526 752 calamos
540 714 603 753 cera
615 694 785 772 conjungere
797 695 891 770 plures

208 768 360 844 Instituit3
381 772 444 831 Pan
457 776 537 832 curat
551 793 616 832 oves
630 775 782 851 oviumque
794 774 955 850 magistros.

208 847 271 909 Nec
284 852 315 909 te
327 852 467 928 poeniteat
480 854 587 911 calamo
599 853 713 912 trivisse
725 853 874 912 labellum:

208 927 282 989 Haec
295 931 393 990 eadem
407 936 442 990 ut
455 933 548 1004 sciret,
562 933 631 1011 quid
643 951 702 991 non
714 932 835 991 faciebat
848 930 1017 1010 Amyntas?

210 1007 266 1068 Est
279 1010 352 1069 mihi
365 1011 522 1089 disparibus
537 1015 646 1089 septem
659 1015 807 1088 compacta
819 1012 920 1071 cicutis

209 1085 331 1161 Fistula,
345 1091 494 1150 Damoetas
508 1092 582 1150 dono
595 1091 668 1150 mihi
681 1111 765 1170 quam
779 1092 859 1150 dedit
872 1092 950 1163 olim,

209 1173 252 1230 Et
265 1169 339 1229 dixit
351 1171 491 1230 moriens:
513 1172 572 1229 ‘Te
584 1191 661 1229 nunc
673 1172 761 1230 habet
774 1171 831 1229 ista
843 1169 1016 1230 secundum’

209 1249 293 1309 Dixit
306 1252 474 1310 Damoetas:
494 1250 598 1308 invidit
611 1251 719 1309 stultus
732 1251 884 1328 Amyntas.

209 1330 353 1389 Praeterea
365 1331 421 1388 dno
434 1351 486 1389 nec
499 1333 566 1388 tuta
578 1330 651 1388 mihi
663 1331 737 1389 valle
750 1331 856 1408 reperti

209 1409 347 1485 Capreoli,
361 1410 464 1486 sparsis
478 1410 566 1469 etiam
578 1430 654 1468 nunc
667 1410 787 1487 pellibus
801 1410 873 1482 albo,

209 1490 285 1547 Bina
297 1491 343 1549 die
356 1490 463 1548 siccant
476 1490 537 1549 ovis
550 1492 653 1562 ubera;
672 1510 743 1567 quos
756 1490 811 1548 tibi
824 1509 913 1548 servo.

208 1568 231 1626 J
231 1589 278 1627 am
291 1570 401 1647 pridem
414 1590 431 1627 a
443 1590 489 1628 me
501 1570 564 1628 illos
578 1570 715 1628 abducere
728 1569 874 1646 Thestylis
888 1571 951 1627 orat
962 1593 970 1641 ;

207 1647 251 1707 Et
263 1649 357 1722 faciet,
370 1649 504 1727 quoniam
518 1650 633 1708 sordent
646 1649 702 1707 tibi
714 1669 833 1707 munera
844 1655 951 1707 nostra.

208 1728 277 1788 Huc
290 1729 365 1801 ades,
378 1750 395 1788 o
408 1729 531 1788 formose
542 1749 629 1806 puer:
650 1728 705 1787 tibi
716 1728 777 1786 lilia
787 1728 888 1806 plenis,

208 1806 292 1880 Ecce,
306 1809 401 1868 fenmt
415 1809 561 1887 Nympha
574 1808 710 1879 calathis3
729 1808 785 1866 tibi
798 1808 917 1866 candida
929 1807 1010 1878 Nais,

208 1886 353 1947 Pallentes
366 1888 454 1946 violas
468 1890 497 1946 et
511 1908 622 1946 summa
633 1908 773 1965 papavera
785 1908 909 1965 carpens,

208 1966 376 2027 Narcissum
389 1971 419 2026 et
432 1967 530 2026 florem
539 1967 638 2045 jungit
652 1968 723 2026 bene
737 1968 839 2025 olentis
854 1965 969 2037 anethi3

208 2045 293 2118 Tum,
307 2047 382 2105 casia
394 2051 480 2124 atque
493 2047 554 2105 aliis
567 2047 697 2106 intexens
710 2047 843 2105 suavibus
854 2046 958 2117 herbis,

207 2123 306 2184 Mollia
318 2127 425 2185 luteola
436 2127 531 2204 pingit
544 2127 671 2185 vaccinia
683 2127 787 2185 caltha.

207 2201 274 2282 Ispe
287 2226 340 2284 ego
354 2226 424 2265 cana
435 2207 530 2284 legam
542 2210 640 2264 tenera
652 2206 786 2283 lanugine
799 2205 882 2277 mala,

208 2288 419 2364 castaneasque
432 2306 527 2356 nuces,
540 2306 604 2344 mea
616 2306 685 2363 quas
698 2286 854 2363 Amaryllis
867 2283 990 2341 amabat.

207 2366 321 2425 Addam
335 2386 414 2424 cerea
426 2386 533 2443 pruna3
553 2365 644 2424 honos
658 2365 712 2424 erit
725 2365 792 2423 huic
806 2384 917 2442 quoque
929 2382 1013 2441 pomo
1024 2386 1031 2433 ;

207 2447 250 2505 Et
263 2466 323 2517 vos,
337 2467 354 2504 0
367 2446 447 2517 lauri,
462 2465 582 2522 carpam,
597 2448 626 2503 et
639 2448 679 2516 te,
692 2445 820 2522 proxima
832 2447 945 2521 myrte;

208 2526 254 2585 Sic
267 2526 370 2602 positas
384 2525 519 2603 quoniam
532 2544 631 2583 suaves
643 2524 769 2583 miscetis
783 2524 890 2583 odores.

207 2605 345 2664 Rusticus
359 2625 397 2676 es,
412 2604 553 2682 Corydon,
566 2625 620 2663 nec
632 2623 751 2662 munera
763 2607 844 2661 curat
858 2601 973 2673 Alexis3

206 2686 278 2758 Nec,
292 2685 317 2743 si
329 2685 493 2743 muneribus
507 2687 605 2755 certes,
619 2684 755 2742 concedat
769 2682 855 2742 Iolas.

206 2765 284 2834 Heu,
298 2765 363 2836 heu,
378 2764 446 2842 quid
457 2763 536 2822 volui
548 2764 651 2821 misero
664 2763 736 2820 mihi
748 2762 761 2822 l
781 2762 897 2821 fioribus
911 2761 1052 2818 Austrum

206 2844 340 2904 Perditus
354 2847 383 2902 et
396 2843 511 2920 liquidis
523 2843 630 2901 immisi
641 2842 769 2901 fontibus
783 2862 873 2918 apros.

206 2925 298 2996 Quem
310 2924 395 3002 fugis,
409 2923 447 2981 ah
460 2923 574 2980 demens
585 2921 598 2980 Ρ
618 2921 785 2980 habitarunt
799 2922 829 2981 di
842 2939 953 2998 quoque
967 2919 1059 2988 silvas,

204 3003 422 3080 Dardaniusque
435 3002 526 3060 Paris.
566 3000 669 3073 Pallas,
682 3021 751 3079 quas
765 3001 901 3072 condidit,
915 3019 992 3075 arces

206 3083 276 3160 Ipsa
288 3083 379 3142 colat:
399 3082 481 3140 nobis
495 3081 625 3158 placeant
639 3083 706 3139 ante
720 3080 816 3139 omnia
829 3080 914 3138 silvae.

206 3162 300 3221 Torva
312 3163 399 3220 leaena
411 3162 512 3238 lupum
525 3161 661 3238 sequitur,
674 3161 758 3237 lupus
771 3159 832 3236 ipse
846 3159 998 3237 capellam;

205 3242 371 3301 Florentem
384 3241 509 3319 cytisum
523 3241 651 3318 sequitur
662 3240 769 3298 lasciva
781 3239 904 3316 capella3

205 3322 247 3381 Te
261 3321 403 3399 Corydon,
418 3341 434 3379 o
448 3320 547 3393 Alexi3
566 3320 659 3378 trahit
672 3339 723 3378 sua
736 3339 875 3396 quemque
887 3318 1029 3395 voluptas.

204 3402 317 3479 Aspice,
331 3404 425 3460 aratra
433 3400 505 3478 jugo
518 3400 644 3459 referunt
658 3419 793 3476 suspensa
800 3398 925 3476 juvenci,

204 3482 248 3540 Et
261 3482 305 3540 sol
318 3483 475 3540 crescentes
489 3479 624 3538 decedens
639 3479 766 3555 duplicat
779 3478 911 3536 umbras:

204 3561 253 3620 Me
265 3564 364 3621 tamen
376 3560 436 3618 urit
449 3579 544 3631 amor3
565 3559 627 3636 quis
641 3559 717 3616 enim
730 3558 831 3616 modus
845 3558 920 3616 adsit
935 3554 1047 3616 amori?

204 3641 254 3698 Ah
267 3641 410 3719 Corydon,
426 3639 567 3716 Corydon,
581 3658 645 3715 quse
660 3641 691 3696 te
704 3637 847 3696 dementia
860 3638 951 3715 cepit!

205 3720 385 3797 Semiputata
396 3719 452 3778 tibi
464 3719 605 3789 frondosa,
618 3717 687 3775 vitis
701 3717 732 3774 in
745 3717 823 3774 ulmo
837 3721 890 3775 est.

204 3800 281 3872 Quin
294 3804 329 3858 tu
342 3799 449 3876 aliquid
462 3798 564 3857 saltem
576 3796 681 3874 potius,
695 3817 815 3874 quorum
827 3796 939 3875 indiget
952 3816 1029 3868 usus,

203 3879 365 3937 Viminibus
380 3878 513 3955 mollique
526 3897 607 3955 paras
622 3877 751 3935 detexere
761 3895 858 3953 yunco.

204 3958 337 4018 Invenies
351 3959 447 4031 alium,
460 3957 485 4016 si
498 3960 529 4016 te
541 3957 588 4016 hic
601 3956 722 4030 Fastidit,
736 3955 869 4015 Alexin.'’
