2446 4260
134 214 194 273 282
437 227 465 270 r.
478 227 619 270 vmorun
639 226 782 271 uasorrs

135 371 266 430 Infernas
278 373 385 429 reseret
398 370 485 442 sedes,
499 373 529 428 et
542 389 631 447 regna
642 369 772 429 recludat

134 451 253 522 Pallida,
267 451 311 508 dis
323 450 430 522 invisa;
450 470 587 528 superque
599 449 724 509 iinmane
736 451 906 510 barathrum

135 531 284 602 Gematur,
297 531 496 606 trepidantque
509 529 636 588 immisso
649 529 756 588 lumine
769 551 876 590 manes.

134 610 216 688 Ergo
228 611 372 687 insperata
385 611 553 687 deprensum
566 609 597 666 in
610 610 672 667 luce
685 614 810 686 repente,

136 690 340 767 Inclusumque
353 710 422 747 cavo
436 710 511 760 saxo,
525 692 611 766 atque
624 689 737 748 insueta
749 691 911 765 rudentem,

136 769 266 846 Desuper
278 769 392 827 Alcides
405 769 471 827 telis
484 769 597 846 premit,
612 769 761 846 omniaque
775 790 855 828 arma

136 848 276 920 Advocat,
289 852 320 907 et
333 848 418 907 ramis
431 850 575 924 vastisque
587 848 741 907 molaribus
754 850 855 908 instat.

137 928 192 987 Ille
205 931 310 1000 autem,
325 948 415 1004 neque
429 928 505 986 enim
518 928 587 1004 fuga
595 928 655 1006 jam
670 949 754 1005 super
767 930 826 987 ulla
837 930 945 1008 pericli,

137 1007 279 1065 Faucibus
291 1008 438 1085 ingentem
451 1009 572 1078 sumum,
585 1008 713 1066 mirabile
727 1009 815 1082 dictu,

136 1087 265 1158 Evomit,
278 1087 454 1164 involvitque
467 1088 585 1146 domum
597 1087 717 1166 caligine
730 1108 811 1160 coeca,

137 1166 325 1243 Prospectum
338 1167 458 1244 eripiens
472 1167 576 1238 oculis3
596 1167 792 1245 glomeratque
805 1169 858 1226 sub
871 1170 958 1227 antro

137 1245 313 1305 Fumiferam
326 1252 440 1305 noctem
453 1247 615 1305 commixtis
629 1247 695 1324 igne
707 1249 841 1306 tenebris.

137 1325 206 1384 Non
219 1326 289 1384 tulit
302 1326 416 1385 Alcides
429 1327 539 1398 animis,
553 1347 638 1402 seque
651 1327 711 1404 ipse
724 1347 774 1405 per
787 1328 885 1406 ignem

138 1405 284 1483 Praecipiti
295 1406 393 1484 injecit
406 1406 491 1477 saltu,
505 1426 561 1482 qua
573 1407 712 1483 plurimus
726 1407 833 1466 undam

75 1506 77 1513 ·
138 1485 250 1543 Pumus
263 1486 333 1563 agit,
346 1486 504 1563 nebulaque
516 1486 616 1564 ingens
630 1506 728 1564 specus
742 1490 846 1546 aestuat
859 1489 930 1546 atra.

138 1564 198 1622 Hic
211 1563 317 1623 Cacum
331 1565 362 1623 in
374 1566 499 1624 tenebris
512 1565 642 1624 incendia
654 1586 727 1624 vana
741 1572 905 1625 vomentem

138 1643 264 1722 Corripit
275 1645 305 1703 in
319 1646 427 1703 nodum
440 1645 610 1722 complexus,
624 1648 654 1702 et
667 1646 749 1724 angit
761 1647 905 1706 inhaerens

138 1724 233 1782 Elisos
246 1725 351 1795 oculos,
365 1728 394 1783 et
408 1726 513 1784 siccum
529 1725 665 1802 sanguine
678 1730 790 1803 guttur.

138 1802 281 1863 Panditur
293 1805 435 1883 extemplo
448 1805 554 1863 foribus
568 1807 670 1863 domus
683 1809 746 1863 atra
757 1805 885 1879 revulsis,

137 1883 352 1960 Abstractaeque
365 1885 450 1944 boves
463 1884 654 1962 abjurataeque
665 1884 773 1961 rapinae

138 1962 217 2022 (loelo
231 1964 429 2035 ostenduntur,
443 1964 616 2041 pedibusque
628 1964 749 2023 informe
763 1965 881 2024 cadaver

138 2042 330 2102 Protrahitur.
370 2045 526 2121 Nequeunt
540 2044 645 2120 expleri
658 2045 743 2104 corda
754 2045 862 2104 tuendo

137 2122 288 2182 Terribiles
301 2123 406 2195 oeulos,
419 2125 541 2195 vultum,
555 2124 709 2201 villosaque
722 2124 802 2182 saetis

137 2201 259 2262 Pectora
272 2203 402 2273 semiferi,
416 2207 501 2280 atque
514 2203 670 2262 exstinctos
684 2205 810 2262 faucibus
823 2204 914 2281 ignes.

138 2282 184 2340 Ex
197 2283 246 2341 illo
260 2283 416 2341 celebratus
430 2283 528 2354 honos,
542 2283 656 2360 laetique
668 2284 790 2342 minores

138 2361 288 2420 Servavere
303 2362 386 2433 diem,
400 2362 562 2439 primusque
577 2363 703 2420 Potitius
717 2367 824 2434 auctor,

138 2442 180 2499 Et
194 2442 296 2501 domus
310 2442 445 2500 Herculei
459 2448 555 2500 custos
569 2443 684 2500 Pinaria
697 2444 777 2501 sacri.

140 2521 240 2598 [Hanc
253 2543 330 2580 aram
344 2522 408 2580 luco
422 2523 534 2593 statuit,
549 2542 611 2598 quae
625 2523 754 2580 Maxima
767 2543 877 2600 semper

137 2601 258 2660 Dicetur
271 2602 361 2672 nobis,
375 2604 405 2659 et
418 2602 473 2660 erit
487 2621 550 2678 quae
565 2603 687 2660 maxima
700 2602 832 2679 semper]

138 2681 231 2752 Quare
244 2682 329 2759 agite,
344 2703 361 2739 o
370 2682 498 2759 juvenes,
511 2685 658 2740 tantarum
672 2682 702 2739 iu
715 2702 831 2740 munere
844 2682 962 2740 laudum

137 2760 254 2838 cingite
266 2762 365 2820 froude
378 2782 482 2831 comas,
496 2765 525 2819 et
538 2762 639 2838 pocula
652 2762 763 2839 porgite
777 2761 893 2833 dextris,

138 2839 380 2918 Communemque
394 2844 493 2899 vocate
506 2842 599 2912 deum,
613 2846 642 2900 et
656 2842 722 2899 date
734 2841 801 2900 vina
813 2841 972 2900 volentes’'

138 2920 274 2979 Dixerat:
296 2921 438 2979 Herculea
450 2921 556 2979 bicolor
569 2942 657 2997 quum
671 2922 791 2998 populus
805 2921 907 2979 umbra

138 2999 306 3076 Velavitque
320 3021 423 3070 comas,
436 3001 565 3076 foliisque
577 3004 680 3058 innexa
692 3001 836 3079 pependit,

138 3080 181 3137 Et
194 3100 271 3137 sacer
284 3080 414 3157 implevit
427 3081 555 3139 dextram
570 3081 703 3157 scyphus.
744 3080 830 3138 Ocius
844 3100 942 3138 omnes

138 3159 177 3216 In
190 3180 317 3218 mensam
330 3159 391 3217 laeti
404 3160 504 3230 libant,
518 3160 653 3234 divosque
666 3170 822 3236 precantur.

178 3239 294 3297 Devexo
307 3239 415 3297 interea
427 3240 541 3316 propior
554 3240 588 3298 fit
601 3240 709 3316 Vesper
723 3239 856 3317 Olympo.

138 3317 262 3396 Jamque
276 3320 434 3377 sacerdotes
447 3319 610 3396 primusque
624 3319 751 3377 Potitius
764 3320 845 3378 ibant

138 3397 265 3457 Pellibus
278 3398 307 3456 iu
321 3419 430 3456 morem
443 3398 538 3470 cincti,
551 3399 734 3476 flammasque
747 3399 884 3458 ferebant.

140 3477 323 3554 [Instaurant
337 3478 441 3555 epulas,
455 3481 485 3536 et
499 3498 604 3537 mensae
618 3481 701 3556 grata
714 3480 845 3537 secundae

138 3557 223 3616 Dona
236 3559 341 3628 ferunt,
354 3557 556 3634 cumulantque
569 3559 692 3617 oneratis
705 3559 833 3617 lancibus
846 3557 933 3636 aras]

138 3637 214 3695 Tum
228 3638 296 3695 Salii
310 3638 345 3695 ad
359 3641 459 3696 cantus
472 3637 587 3695 incensa
599 3638 700 3696 altaria
712 3637 819 3697 circum

138 3716 272 3795 Populeis
286 3717 390 3776 adsunt
404 3717 510 3776 evincti
522 3721 652 3794 tempora
664 3718 766 3790 ramis3

138 3796 198 3855 Hic
207 3798 346 3874 juvenum
360 3799 471 3867 chorus,
484 3797 531 3854 ille
545 3818 653 3869 senum,
668 3798 716 3875 qui
730 3797 854 3856 carmine
866 3797 965 3857 laudes

137 3876 297 3939 Herculeas
311 3881 341 3938 et
353 3878 433 3938 faeta
443 3877 560 3936 ierunt:
575 3880 614 3934 ut
623 3877 719 3952 prima
726 3895 856 3934 novercae

131 3961 276 4024 Monstra
288 3981 384 4022 manu
396 3958 586 4040 geminosque
596 3973 733 4034 premens
743 3954 851 4010 elusam
861 3953 985 4024 angus,
