2446 4260
468 240 611 283 ultumos
623 241 686 283 HR.
700 241 744 284 11.

134 382 267 455 Munera,
280 403 345 460 quse
358 384 458 461 patriis
471 384 508 442 ad
521 403 567 442 me
579 384 701 460 portatis
714 384 751 443 ab
764 384 829 457 oris,

133 462 247 522 Vertite
260 463 297 521 ad
309 463 429 522 AEneau.
470 463 608 522 Stetimus
622 464 680 522 tela
692 467 909 542 supersecuta,

135 541 371 620 contulimusque
384 564 500 602 manus:
521 545 637 621 experto
650 545 764 617 credite,
778 548 902 622 quantus

134 621 172 680 In
185 622 306 700 clipeum
320 627 457 701 assmgst,
473 643 528 700 quo
542 623 657 682 turbine
669 627 803 702 torqueat
816 625 939 685 hastam.

135 701 166 761 Si
179 702 237 760 duo
249 705 385 780 praeterea
397 704 469 762 tales
483 703 561 762 Idaea
572 703 686 762 tulisset

136 781 223 840 Terra
235 782 319 854 viros,
332 782 409 841 ultro
423 783 554 841 Inachius
567 783 691 842 venisset
705 785 741 841 ad
753 784 837 843 urbes

135 859 295 933 Dardanus,
309 865 339 920 et
351 862 438 921 versis
451 863 562 939 lugeret
576 863 689 922 Graecia
700 864 777 922 fatis.

136 940 281 1019 Quidquid
294 941 369 1018 apud
382 942 461 999 durae
475 945 616 1000 cessatum
629 945 673 1001 est
687 944 793 1002 moenia
805 943 908 1023 Trojae,

136 1020 271 1080 Hectoris
285 1021 438 1098 AEneaeque
451 1042 538 1080 manu
550 1022 671 1080 victoria
683 1023 803 1081 Graium

135 1100 239 1173 Hoesit,
253 1101 326 1159 etin
340 1101 480 1160 decimum
492 1102 614 1179 vestigia
626 1102 726 1160 retulit
739 1123 854 1161 annum.

135 1180 230 1239 Ambo
243 1180 353 1252 animis,
367 1181 450 1239 ambo
463 1181 589 1258 insignes
602 1182 804 1258 praestantibus
818 1182 919 1256 armis;

136 1259 195 1318 Hie
208 1260 315 1337 pietate
327 1260 412 1339 prior.
454 1260 565 1319 Coeant
577 1262 608 1318 in
621 1262 727 1320 foedera
739 1261 856 1335 dextrae,

136 1339 199 1410 Qua
211 1339 313 1399 datur:
335 1343 388 1412 ast,
402 1341 487 1399 armis
501 1345 669 1399 concurrant
683 1361 769 1413 arma,
783 1343 899 1400 cavete!

136 1417 178 1476 Et
190 1439 323 1496 responsa
336 1420 421 1478 simul
434 1441 496 1497 quae
509 1421 576 1493 sint,
589 1441 639 1478 rex
652 1421 768 1497 optime,
781 1422 856 1499 regis
881 1464 883 1468 ψ

136 1498 260 1571 Audisti,
273 1503 303 1557 et
317 1519 380 1576 quae
393 1500 432 1558 sit
445 1520 549 1578 magno
563 1500 705 1558 sententia
716 1501 821 1559 bello.'’

174 1577 232 1636 Vix
244 1599 277 1637 ea
288 1578 393 1657 legati,
413 1580 561 1657 variusque
574 1600 624 1657 per
636 1600 686 1638 ora
698 1581 822 1638 cucurrit

136 1657 315 1716 Ausonidum
327 1660 443 1717 turbata
456 1660 578 1718 fremor:
600 1679 651 1717 ceu
664 1680 731 1717 saxa
743 1664 892 1719 morantur

137 1737 232 1809 Quum
244 1738 357 1815 rapidos
370 1759 474 1810 amnes,
488 1740 524 1797 fit
537 1739 631 1797 clauso
645 1740 760 1816 gurgite
772 1760 910 1813 murmur,

135 1816 298 1895 Vicinaeque
311 1818 437 1876 fremunt
449 1819 519 1895 ripae
532 1819 736 1895 crepitantibus
749 1820 841 1878 undis.

136 1895 180 1954 Ut
192 1897 317 1975 primum
329 1898 434 1975 placati
446 1899 542 1968 animi,
556 1902 586 1956 et
599 1899 711 1975 trepida
723 1918 772 1957 ora
785 1900 927 1976 quierunt,

136 1975 279 2035 Praefatus
292 1977 372 2037 divos
385 1978 455 2037 solio
467 1998 517 2036 rex
529 1978 595 2036 infit
608 1979 644 2036 ab
657 1979 731 2036 alto:

175 2057 281 2115 “Ante
294 2058 425 2134 equidem
439 2078 550 2116 summa
562 2057 597 2117 de
610 2077 641 2116 re
654 2057 797 2130 statuisse,
811 2058 917 2132 Latini,

136 2135 179 2194 Et
191 2137 301 2209 vellem,
314 2140 344 2196 et
356 2138 450 2196 fuerat
462 2138 563 2196 melius
573 2162 579 2209 ;
599 2158 657 2196 non
669 2141 798 2215 tempore
810 2139 863 2196 tali

137 2215 245 2294 Cogere
258 2217 415 2289 concilium,
430 2238 519 2295 quum
530 2237 626 2276 muros
640 2217 745 2276 assidet
758 2218 860 2277 hostis.

135 2295 250 2354 Bellum
262 2297 466 2374 importunum,
481 2298 564 2370 cives,
578 2318 644 2356 cum
656 2301 744 2376 gente
757 2298 884 2372 deorum,

136 2375 312 2453 Invietisque
324 2376 392 2435 viris
405 2378 539 2455 gerimus,
553 2398 623 2454 quos
636 2379 714 2436 nullu
726 2378 851 2456 fatigant

136 2454 249 2528 Proelia,
262 2475 314 2514 nec
326 2456 397 2515 victi
409 2461 529 2534 possunt
542 2458 678 2516 absistere
690 2459 772 2517 ferro.

137 2534 223 2612 Spem
237 2535 261 2592 si
274 2556 359 2612 quam
372 2537 487 2596 adscitis
500 2537 631 2595 AEtolum
643 2537 783 2596 habuistis
796 2538 827 2594 in
840 2537 934 2609 armis,

137 2613 250 2673 Ponite.
290 2615 359 2693 Spes
373 2616 427 2675 sibi
440 2616 573 2692 quisque:
594 2617 643 2674 sed
660 2617 720 2675 haec
733 2637 818 2693 quam
831 2621 955 2694 angusta
967 2616 1078 2676 videtis.

138 2692 239 2752 Cetera
252 2715 308 2772 qua
319 2715 413 2754 rerum
422 2698 536 2775 jaceant
548 2695 674 2772 permulsa
686 2695 776 2767 ruina,

137 2773 216 2831 Ante
229 2775 324 2832 oculos
337 2775 467 2851 interque
480 2795 581 2834 manus
594 2778 663 2833 sunt
676 2775 771 2832 omnia
783 2777 901 2833 vestras.

136 2853 201 2911 Nee
214 2873 385 2930 quemquam
397 2855 504 2913 ineus0.
545 2854 647 2913 Potuit
661 2874 723 2930 quae
735 2854 858 2932 plurima
870 2855 962 2914 virtus

137 2932 219 3006 Esse,
231 2934 296 2992 fuit.
336 2935 412 2993 Toto
422 2938 564 2994 certatum
577 2937 621 2992 est
634 2953 748 3011 corpore
760 2934 850 3012 regni.

136 3012 225 3071 Nunc
239 3013 316 3086 adeo,
330 3035 391 3091 quae
405 3016 443 3073 sit
457 3015 550 3073 dubiae
563 3015 706 3072 sententia
718 3015 817 3087 menti,

137 3092 305 3169 Expediam,
319 3097 348 3152 et
361 3095 604 3172 paucis-animos
618 3093 904 3153 adhibete—docebo.

137 3172 195 3230 Est
208 3173 342 3250 antiquus
355 3195 422 3252 ager
436 3175 528 3232 Tusco
541 3173 613 3232 mihi
625 3174 770 3250 proximus
784 3174 870 3246 amni,

138 3251 256 3329 Longus
269 3253 299 3310 in
313 3274 451 3326 oceasum,
464 3254 535 3312 fines
548 3273 632 3329 super
644 3274 732 3329 usque
745 3253 877 3327 Sicanos3

137 3332 268 3390 Aurunci
280 3333 439 3410 Rutulique
453 3337 560 3406 serunt,
573 3336 603 3392 et
616 3352 729 3391 vomere
742 3332 827 3392 duros

138 3411 282 3471 Exercent
295 3414 387 3484 colles,
401 3417 487 3490 atque
499 3413 603 3471 horum
616 3413 768 3488 asperrima
780 3415 910 3490 pascunt.

138 3491 213 3550 Haec
226 3493 318 3550 omnis
331 3493 418 3570 regio,
432 3496 462 3552 et
475 3493 541 3551 celsi
554 3493 639 3570 plaga
651 3493 734 3569 pinea
746 3493 862 3563 montis,

139 3570 230 3630 (ledat
244 3573 376 3631 amicitise
390 3573 579 3644 Teucrorum
599 3576 629 3631 et
642 3573 755 3631 foederis
768 3591 862 3649 aequas

138 3651 276 3710 Dicamus
289 3654 373 3730 leges,
388 3653 532 3728 sociosque
545 3653 577 3710 in
589 3673 678 3729 regna
689 3671 839 3722 vocemus3

139 3730 305 3803 Considunt,
319 3733 343 3791 si
355 3736 455 3791 tantus
469 3753 555 3804 amor,
569 3735 599 3790 et
612 3732 717 3790 moenia
729 3731 862 3791 condant.

139 3811 190 3868 Sin
204 3811 273 3870 alios
287 3813 357 3871 fines
371 3813 510 3889 aliamque
523 3831 665 3888 capessere
678 3813 795 3887 gentem

139 3890 197 3948 Est
208 3892 326 3963 animus,
337 3895 517 3970 poscuntque
530 3891 591 3952 solo
605 3891 741 3952 decedere
753 3893 876 3965 nostro3

126 3968 181 4024 Bis
192 3969 279 4026 denas
291 3971 372 4066 Italo
386 3975 520 4034 texamus
534 3974 640 4037 robore
653 3995 759 4052 naves,
