2446 4260
134 206 195 265 280
440 216 623 260 nvmsmr
636 215 726 259 uano
735 214 789 258 ιιιιι

175 361 335 440 Postquam
348 363 461 419 exemta
473 360 571 432 fames,
584 362 614 419 et
628 379 708 418 amor
720 379 899 437 compressus
912 360 1024 434 edendi,

136 441 200 501 Rex
213 441 365 499 Evandrus
379 440 420 498 ait
431 465 438 499 ι
459 444 476 471 “
486 440 518 498 N
519 460 556 498 on
569 440 631 498 haec
644 440 780 499 solemnia
792 440 884 514 nobis,

135 521 200 579 Has
213 542 248 580 ex
260 540 339 579 more
352 521 446 597 dapes,
458 519 533 578 hanc
545 519 623 578 tanti
635 519 760 578 numinis
774 539 853 579 aram

134 601 217 659 Vana
229 599 395 678 superstitio
408 602 593 675 veterumque
605 599 705 676 ignara
717 600 836 659 deorum

136 680 297 758 Imposuit.
318 680 400 738 saevis
402 679 525 756 ,hospes
538 678 668 757 Trojano,
681 679 793 757 periclis

136 759 248 818 Servati
260 759 389 830 facimus,
402 758 575 850 meritosque
588 778 727 817 novamus
740 759 872 851 honores.

136 839 158 897 J
158 859 206 898 am
218 839 344 916 primum
357 838 432 897 saxis
446 858 610 916 suspensam
623 839 697 897 hanc
710 838 804 916 aspice
816 850 936 932 rupem‘:

135 919 272 997 Disjectoe
284 917 385 997 procul
398 920 432 975 ut
445 919 533 977 moles
535 918 722 994 ,desertaque
734 918 842 978 montis

136 998 203 1056 Stat
215 998 326 1070 domus,
339 1001 369 1056 et
382 997 491 1075 scopuli
503 996 652 1075 ingentem
664 1001 775 1057 traxere
787 998 911 1058 ruinam.

136 1077 196 1136 Hic
209 1077 344 1155 spelunca
355 1077 421 1148 fuit,
435 1080 516 1136 vasto
530 1077 663 1136 submota
675 1097 796 1150 recessu,

136 1157 337 1216 Semihominis
352 1156 419 1216 Caci
432 1156 516 1216 facies
530 1177 618 1234 quam
631 1157 693 1216 dira
705 1158 832 1230 tenebat,

136 1237 209 1296 Solis
221 1237 392 1296 inaccessam
405 1236 508 1309 radiis;
528 1256 693 1314 semperque
705 1237 814 1296 recenti

136 1315 223 1375 caede
236 1316 352 1394 tepebat
364 1316 488 1387 humus;
507 1316 672 1392 foribusque
685 1317 770 1375 affixa
781 1316 910 1395 superbis

136 1396 196 1454 Ora
206 1396 302 1454 virum
314 1396 394 1454 tristi
406 1395 568 1472 pendebant
581 1396 687 1472 pallida
699 1397 777 1455 tabo.

137 1475 216 1535 Huic
229 1479 359 1534 monstro
371 1475 519 1534 Vulcanus
533 1478 595 1534 erat
608 1479 706 1552 pater:
726 1476 803 1534 illius
816 1479 895 1536 atros

137 1554 193 1614 Ore
206 1575 324 1614 vomens
337 1555 427 1632 ignes,
441 1575 547 1633 magna
558 1575 588 1614 se
602 1555 675 1614 mole
688 1555 805 1615 ferebat.

135 1634 250 1694 Attulit
263 1639 294 1694 et
307 1635 388 1693 nobis
402 1634 554 1712 aliquando
568 1634 734 1712 optantibus
748 1639 819 1694 oetas

136 1714 286 1773 Auxilium
299 1715 510 1791 adventumque
524 1713 577 1773 dei.
618 1714 696 1772 Nam
710 1715 850 1773 maximus
864 1715 951 1787 ultor,

136 1793 300 1872 Tergemini
312 1814 380 1853 nece
394 1794 534 1872 Geryonae
547 1792 699 1871 spoliisque
712 1795 858 1871 superbus,

136 1873 251 1932 Alcides
265 1875 371 1945 aderat,
383 1877 537 1951 taurosque
549 1874 604 1932 hac
616 1873 709 1932 victor
722 1875 826 1952 agebat

137 1953 292 2032 Ingentes3
312 1954 469 2031 vallemque
483 1954 568 2012 boves
581 1973 750 2031 amnemque
762 1955 910 2013 tenebant.

136 2035 184 2096 At
193 2034 275 2092 furiis
288 2033 356 2092 Caci
368 2053 449 2092 mens
462 2034 555 2104 effera,
568 2053 605 2092 ne
618 2033 688 2110 quid
700 2033 835 2092 inausum

137 2115 202 2172 Aut
213 2113 402 2173 intractatum
416 2113 562 2172 scelerisve
575 2113 668 2171 dolive
680 2113 790 2184 fuisset,

137 2192 269 2265 Quatuor
282 2214 299 2251 a
312 2193 432 2251 stabulis
444 2192 594 2270 praestanti
607 2212 723 2270 corpore
735 2196 834 2251 tauros

136 2273 262 2345 Avertit,
274 2273 398 2331 totidem
410 2272 503 2331 forma
514 2275 666 2349 superante
675 2272 819 2350 juvencas.

137 2353 235 2430 Atque
248 2353 310 2424 hoe,
323 2373 360 2411 ne
373 2371 430 2429 qua
442 2353 537 2410 forent
549 2352 669 2428 pedibus
682 2352 805 2429 vestigia
817 2350 912 2423 rectis,

137 2430 235 2490 <lauda
247 2432 279 2490 in
292 2432 456 2509 speluncam
468 2435 585 2502 tractos,
598 2432 743 2507 versisque
755 2432 867 2490 viarum

137 2510 255 2570 Indiciis
269 2516 375 2589 raptos,
389 2531 456 2570 saxo
470 2512 632 2570 occultabat
646 2532 741 2589 opaco

137 2591 286 2664 Quaerenti
299 2593 378 2650 nulla
391 2591 427 2650 ad
440 2591 603 2669 speluncam
617 2591 699 2668 signa
711 2591 848 2650 ferebant.

137 2671 261 2743 Interea,
275 2693 365 2750 quum
374 2671 437 2750 jam
450 2671 571 2729 stabulis
585 2673 715 2728 saturata
727 2673 854 2729 moveret

136 2751 410 2844 Amphitryoniades
423 2755 560 2822 armenta,
575 2751 742 2827 abitumque
754 2754 876 2828 pararet,

136 2829 273 2889 Discessu
286 2831 397 2909 mugire
409 2832 504 2901 boves,
518 2833 604 2906 atque
618 2849 701 2889 omne
715 2831 836 2908 querelis

137 2909 255 2987 Impleri
268 2931 377 2982 nemus,
391 2914 421 2969 et
435 2910 519 2969 colles
532 2911 653 2968 clamore
666 2909 797 2986 relinqui

136 2988 275 3048 Reddidit
288 3011 346 3049 una
358 2991 447 3049 boum
460 3010 567 3060 vocem,
580 3010 630 3047 vas
632 2992 719 3066 toque
732 2990 786 3048 sub
799 2992 883 3047 antro

137 3069 257 3146 Magne,
271 3074 301 3128 et
315 3070 382 3128 Caci
396 3090 475 3147 spem
488 3068 633 3128 custodita
644 3069 754 3127 fefellit.

137 3149 196 3207 Hic
210 3169 277 3208 vero
290 3149 399 3208 Alcidae
416 3149 497 3208 furiis
511 3151 653 3208 exarserat
666 3154 729 3207 atro

137 3228 215 3287 Felle
229 3229 325 3288 dolor:
346 3230 422 3306 rapit
435 3249 514 3288 arma
526 3249 614 3286 manu
626 3228 764 3304 nodisque
777 3231 929 3305 gravatum

136 3307 254 3379 Robur3
276 3313 306 3367 et
319 3309 429 3367 aetherii
442 3329 527 3368 cursu
539 3309 614 3386 petit
628 3309 717 3366 ardua
729 3308 845 3366 montis.

135 3387 212 3446 Tum
225 3389 351 3465 primum
364 3389 456 3447 nostri
469 3389 575 3447 Cacum
588 3389 683 3446 videre
696 3389 849 3446 timentem

136 3467 353 3545 Turbatumque
366 3469 463 3527 oculis.
505 3468 596 3545 Fugit
609 3468 687 3526 ilicet
700 3468 777 3526 ocior
790 3487 867 3536 euro,

137 3547 362 3625 speluncamque
375 3548 467 3625 petit;
487 3549 606 3624 pedibus
619 3548 708 3606 timor
721 3546 832 3605 addidit
846 3547 912 3604 alas.

136 3626 181 3684 Ut
194 3647 254 3686 sese
266 3628 392 3700 inclusit,
405 3627 554 3705 ruptisque
566 3628 690 3686 immane
703 3626 812 3685 catenis

136 3705 249 3784 Dejecit
262 3728 371 3779 saxum,
385 3709 458 3767 ferro
472 3708 549 3784 quod
562 3712 592 3766 et
606 3711 667 3766 arte
680 3711 800 3784 paterna

136 3785 284 3845 Pendebat
285 3788 450 3865 ‚fultosque
463 3787 585 3846 emuniit
597 3787 687 3865 objice
699 3791 812 3864 postes:

133 3865 212 3928 Ecce
224 3867 323 3928 furens
336 3868 440 3928 animis
452 3868 552 3927 aderat
561 3866 756 3944 'lirpntliiusg
772 3885 944 3940 omnemque

128 3951 296 4013 Accessum
307 3951 440 4013 lustrans
449 3949 514 4010 huc
526 3968 579 4008 ora
588 3947 701 4006 lerdsat
712 3947 744 4000 et
751 3943 838 4010 Aine,
