2446 4260
439 248 617 294 anomaluon
630 250 693 294 ma.
707 252 759 294 111.

161 383 339 470 lunaremque
351 393 454 464 rotam,
468 396 498 452 et
510 414 569 453 non
581 393 771 472 exsuperabile
784 415 892 454 saxum.

159 463 241 530 Interea
251 472 403 550 Dryadum
416 473 500 532 silvas
513 474 657 551 saltimque
670 494 820 552 sequamur

159 543 262 625 Intactas,
274 555 336 624 tua,
349 553 499 626 Maecenas,
513 553 590 611 haud
602 553 699 614 mollia
707 555 802 632 jussa:

158 623 239 690 lasiae
250 632 291 690 nil
304 631 398 690 altum
410 653 491 691 mens
503 633 628 692 inchoat.
669 634 717 691 En
730 654 791 711 age,
805 654 905 714 segnes

155 702 238 787 Rumpe
248 730 359 784 moras3
379 715 464 771 vocat
476 713 588 790 ingenti
601 713 722 772 clamore
736 712 890 786 Citheron,

154 782 296 868 Taygetique
310 811 402 864 canes,
415 793 605 870 domitrixque
619 793 781 870 Epidaurus
794 813 948 872 equorum

152 861 180 924 ut
188 888 233 928 vox
244 891 360 930 assensu
371 892 521 931 nemorum
533 871 709 950 ingeminata
721 874 857 952 remugita

152 942 201 1005 Mor
211 952 303 1010 tamen
316 951 448 1010 ardentes
461 952 592 1030 accingar
604 952 695 1011 dicere
707 971 819 1030 pugnas

152 1021 247 1102 Canu,
260 1034 291 1090 et
303 1051 408 1090 nomen
421 1031 498 1090 fama
509 1034 557 1091 tot
568 1032 641 1091 ferre
653 1051 704 1108 per
717 1052 815 1105 annos,

151 1101 242 1167 litboni
253 1111 347 1188 prima
359 1114 430 1188 quot
443 1111 524 1170 abest
537 1111 572 1169 ab
585 1110 694 1188 origine
707 1110 810 1170 Oaesar.

175 1187 219 1246 Seu
230 1191 301 1267 quis,
316 1190 489 1269 Olympiaca
501 1191 621 1249 miratus
634 1192 752 1268 praemia
763 1192 874 1269 palmae,

150 1260 221 1326 Pascit
232 1290 326 1348 equos,
342 1291 392 1329 seu
404 1270 467 1349 quis
480 1271 568 1329 fortes
581 1270 618 1329 ad
630 1274 724 1328 aratra
732 1270 868 1349 juvencos
879 1296 885 1342 ;

150 1341 246 1424 Corpora
257 1350 400 1428 praecipue
412 1353 538 1408 matrum
551 1351 638 1427 legat.
679 1350 798 1427 Optima
810 1355 901 1410 torvae

150 1419 228 1486 Forma
239 1430 330 1502 bovis,
344 1430 391 1488 cui
402 1433 487 1508 turpe
499 1433 594 1507 caput,
608 1428 654 1488 cui
666 1430 788 1507 plurima
801 1431 904 1504 cervix,

149 1499 177 1561 Et
186 1527 291 1568 crurum
303 1513 389 1569 tenus
402 1513 529 1569 amento
541 1509 665 1587 palearia
676 1511 819 1587 pendent3

97 1626 100 1671 i
149 1578 202 1644 lbm
212 1588 295 1667 longo
307 1589 403 1648 nullus
416 1589 499 1648 lateri
511 1589 630 1661 modus3
650 1588 747 1648 omnia
759 1610 879 1668 magna3

97 1678 100 1735 ξ
149 1657 185 1722 Pes
196 1668 284 1741 etiam,
297 1672 328 1727 et
342 1669 462 1728 camuris
475 1669 561 1727 hirtae
574 1669 627 1728 sub
640 1669 772 1728 cornibus
785 1690 874 1729 aures.

97 1742 99 1755 '
149 1738 192 1802 llec
201 1749 267 1806 mihi
280 1749 428 1826 displiceat
440 1749 557 1808 maculis
569 1748 689 1826 insignis
702 1753 733 1807 et
746 1749 819 1822 albo,

149 1819 191 1882 ln
196 1827 260 1906 juga
272 1829 442 1901 detrectans,
452 1829 651 1906 interdumque
663 1848 762 1906 aspera
774 1850 870 1902 cornu,

97 1960 99 1979 ,
149 1896 177 1958 El
185 1904 274 1967 faeiem
286 1911 371 1967 tauro
383 1908 514 1986 propior3
533 1927 651 1986 quaeque
664 1908 753 1967 ardua
764 1912 837 1982 tcta,

97 1984 100 2059 l
149 1975 177 2038 El
185 1988 304 2061 gradiens
316 1988 376 2046 ima
387 1988 475 2048 verrit
487 1988 610 2066 vestigia
621 1988 718 2047 cauda.

149 2056 207 2122 ditas
217 2066 354 2127 Lucinam
363 2068 512 2146 justosque
525 2069 586 2146 pati
598 2068 761 2146 hymenaeos

149 2133 233 2205 Desinit
245 2152 312 2207 ante
326 2148 432 2219 decem,
445 2151 511 2225 post
525 2150 647 2225 quatuor
659 2147 760 2225 incipit
773 2167 878 2220 annos;

149 2213 221 2284 Cetera
232 2248 283 2286 nec
296 2228 398 2286 feturae
410 2227 521 2300 habilis,
533 2247 586 2287 nec
598 2227 680 2286 fortis
694 2227 804 2287 aratris.

148 2291 241 2378 lutera
254 2311 370 2384 superat
382 2307 516 2386 gregibus
529 2308 599 2366 dum
611 2307 679 2366 loeta
687 2307 830 2385 juventas,

148 2373 206 2442 Solve
216 2406 321 2460 mares3
341 2387 426 2446 mitte
438 2388 470 2445 in
483 2387 622 2446 Venerem
634 2386 764 2464 pecuaria
775 2387 893 2464 primm,

147 2455 216 2539 litque
228 2467 312 2525 aliam
325 2487 359 2526 ex
372 2467 428 2526 alia
440 2468 599 2544 generando
612 2466 707 2525 suffice
719 2466 836 2544 prolem.

146 2533 235 2615 Optima
247 2566 366 2624 quaeque
379 2547 440 2605 dies
452 2547 562 2605 miseris
575 2545 742 2604 mortalibus
756 2546 810 2604 aevi

145 2610 216 2682 Pu'ma
227 2626 320 2703 firgit;
340 2627 464 2686 subeunt
475 2626 568 2684 morbi
580 2625 728 2702 tristisque
741 2627 870 2684 senectus
880 2647 887 2696 ;

143 2692 170 2756 Et
179 2701 249 2764 labor
262 2709 292 2764 et
305 2706 383 2764 durae
396 2706 472 2783 rapit
483 2705 664 2765 inclementia
676 2705 787 2764 mortis.

143 2772 232 2860 Semper
243 2790 336 2858 erunt,
347 2805 468 2863 quarum
479 2785 586 2844 mutari
598 2804 715 2862 corpora
727 2784 809 2843 malis
821 2807 828 2855 ;

142 2852 231 2939 Semper
243 2865 321 2923 enim
332 2866 424 2938 refice,
438 2884 479 2938 ac,
492 2885 528 2923 ne
540 2867 607 2943 post
620 2864 722 2922 amissa
733 2863 868 2941 requiras,

141 2933 266 3016 baveni,
280 2948 310 3004 et
323 2945 451 3004 subolem
464 2947 593 3003 armento
606 2943 707 3002 sortire
721 2943 880 3020 quotannis.

165 3019 216 3082 Nec
228 3045 288 3083 non
301 3027 331 3084 et
343 3025 438 3102 pecori
451 3027 495 3083 est
507 3024 583 3083 idem
596 3024 716 3082 dilectus
729 3023 840 3100 equino.

143 3092 174 3156 lb
182 3105 269 3176 modo,
282 3124 353 3182 quos
365 3104 396 3162 in
409 3124 488 3182 spem
501 3106 610 3163 statues
623 3103 790 3162 submittere
802 3101 906 3180 gentis,

140 3169 294 3260 Praecipuum
303 3183 365 3261 jam
377 3184 443 3242 inde
457 3204 474 3242 a
486 3183 591 3242 teneris
603 3182 735 3261 impende
747 3182 884 3242 laborem.

140 3251 259 3322 buturo
270 3263 379 3342 pecoris
392 3263 520 3342 generosi
532 3263 626 3340 pullus
638 3262 669 3320 in
682 3261 756 3320 arvis

139 3334 210 3400 Altus
222 3343 390 3421 ingreditur,
404 3346 434 3403 et
446 3343 545 3402 mollia
556 3362 637 3401 crura
648 3341 769 3419 reponit.

139 3409 228 3481 Primus
241 3427 272 3482 et
283 3423 326 3482 ire
338 3423 422 3496 viam,
436 3426 466 3482 et
478 3423 579 3481 fluvios
592 3424 704 3481 tentare
717 3421 840 3480 minaces

139 3492 221 3572 ludes,
234 3506 264 3562 et
277 3504 378 3581 ignoto
392 3522 452 3562 sese
465 3502 644 3562 committere
656 3500 749 3579 ponti,

138 3569 183 3637 Nec
193 3602 277 3642 vanos
290 3584 388 3642 horret
401 3583 546 3659 strepitus.
586 3581 635 3640 Illi
648 3581 734 3640 ardua
747 3579 850 3651 cervix,

137 3651 315 3741 Argutumque
328 3666 422 3740 caput,
435 3662 528 3720 brevis
541 3661 630 3733 almis,
644 3661 782 3737 obesaque
795 3662 895 3750 terga3

136 3727 309 3819 lamnasque
321 3743 393 3800 toris
406 3742 565 3800 animosum
577 3743 686 3818 pectus.
727 3739 854 3797 Honest1

134 3810 253 3894 spadices,
266 3822 433 3900 glaucique;
453 3821 530 3880 color
543 3819 712 3879 deterrimus
726 3818 796 3877 albis

133 3889 164 3954 lt
173 3900 253 3977 gilvo.
295 3901 380 3974 Tum,
394 3901 418 3960 si
432 3919 488 3977 qua
500 3920 603 3959 sonum
615 3898 714 3977 procul
726 3916 804 3956 arma
817 3894 925 3966 dedere,

131 3969 196 4040 Stura
206 3981 269 4042 loco
281 3981 382 4056 nescit,
394 3979 483 4040 micat
496 3979 619 4054 auribus,
632 3980 663 4039 et
674 3977 775 4038 tremit
788 3978 875 4052 artus,
