2446 4260
468 231 759 274 mmmmm.
1027 219 1085 278 383

133 372 249 431 Talibus
262 372 377 432 incensa
390 376 434 432 est
442 373 582 452 juvenum
596 374 738 434 sententia
751 375 835 433 dictis

133 452 204 512 Jam
216 453 307 531 magis
321 457 406 531 atque
418 454 527 532 magis3
548 455 690 532 serpitque
703 475 753 531 per
766 455 882 532 agmina
893 475 1031 514 murmur.

133 532 196 609 Ipsi
208 533 366 592 Laurentes
379 534 494 605 mutati,
507 534 615 612 ipsique
626 534 742 607 Latini:

133 612 190 683 Qui
203 612 257 671 sibi
265 613 327 690 jem
339 613 465 690 requiem
477 634 581 692 pugnae
593 614 731 690 rebusque
745 613 866 672 salutem

133 691 299 769 Sperabant,
313 714 389 752 nunc
402 713 481 751 arma
493 694 604 765 volunt,
617 694 764 770 foedusque
777 697 928 771 precantur

132 770 286 844 lusesium,
301 775 331 831 et
344 772 435 832 Turni
448 776 555 831 sortem
568 773 739 832 miserantur
751 772 887 850 iniquam.

132 849 191 908 His
205 852 283 910 aliud
295 852 385 930 majus
400 852 421 910 J
422 856 527 911 uturna
540 853 679 930 adjungit,
693 858 723 911 et
737 853 796 912 alto

133 929 195 989 Dat
210 931 424 1008 signumcoe103
446 952 502 1007 quo
514 953 572 991 non
585 933 751 1009 praesentius
765 933 857 990 ullum

133 1009 273 1068 Turbavit
286 1015 395 1070 mentes
410 1012 508 1083 Italas,
521 1015 704 1089 monstroque
717 1012 827 1071 fefellit.

132 1089 266 1167 Namque
279 1091 377 1149 volans
390 1092 475 1151 rubra
487 1091 582 1149 fulvus
595 1091 617 1148 J
618 1092 677 1150 ovis
692 1091 748 1149 ales
761 1091 792 1149 in
805 1093 897 1151 aethra

133 1168 263 1228 Litoreas
276 1171 404 1248 agitabat
417 1191 482 1229 aves
495 1171 666 1247 turbamque
679 1174 829 1230 sonantem

132 1248 266 1326 Agminis
280 1251 393 1327 aligeri3
414 1251 509 1309 subito
523 1272 611 1327 quum
623 1251 718 1328 lapsus
732 1251 767 1308 ad
781 1252 870 1310 undas

133 1327 264 1406 Cycnum
277 1330 459 1388 excellentem
472 1331 590 1408 pedibus
603 1331 678 1408 rapit
690 1330 836 1408 improbus
850 1331 938 1390 uncis.

132 1409 270 1468 Arrexere
284 1409 392 1468 animos
406 1410 483 1482 Itali,
497 1413 662 1487 cunctusque
675 1411 803 1469 volucres

133 1487 313 1548 Convertunt
327 1488 447 1548 clamore
460 1490 566 1568 fugam,
580 1490 707 1549 mirabile
719 1490 791 1562 visu,

133 1567 309 1645 AEtheraque
322 1570 474 1628 obscurant
487 1571 597 1648 pennis,
609 1571 777 1647 hostemque
790 1589 840 1646 per
853 1589 933 1628 auras

134 1647 225 1706 Facta
237 1649 312 1707 nube
325 1653 475 1726 premunt:
496 1651 584 1709 donec
596 1650 626 1706 vi
639 1649 732 1721 victis,
746 1652 775 1708 et
788 1650 850 1727 ipso

134 1727 263 1786 Pondere
276 1728 388 1800 defecit,
400 1731 580 1807 praedamque
594 1749 628 1787 ex
641 1730 786 1808 unguibus
800 1729 858 1788 ales

133 1805 259 1885 Projecit
271 1808 367 1880 fluvio,
381 1810 550 1886 penitusque
562 1809 593 1867 in
605 1810 704 1867 nubila
716 1809 802 1887 fugit.

133 1885 209 1945 Tum
222 1908 289 1946 vero
303 1889 455 1966 angurium
468 1881 573 1946 Rutuli
585 1888 706 1948 clamore
719 1889 855 1960 salutant,

132 1967 354 2045 Expediuntque
366 1988 484 2040 manus3
504 1969 666 2046 primusque
679 1968 847 2027 Tolumnius
861 1987 959 2046 augur,

134 2047 227 2107 “Hoc
240 2050 309 2120 crat,
322 2047 377 2106 hoc
390 2048 495 2120 votis,''
509 2049 612 2126 inquit,
626 2053 643 2080 “
654 2048 730 2124 quod
742 2067 816 2125 saepe
829 2047 936 2125 petivi:

133 2127 260 2204 Accipio,
274 2148 450 2205 agnoscoque
464 2130 546 2186 deos:
567 2149 622 2199 me,
636 2148 682 2186 me
695 2128 766 2186 duce
779 2128 886 2186 ferrum

134 2206 283 2284 Corripite,
297 2228 314 2266 o
328 2207 431 2280 miseri,
445 2228 515 2285 quos
528 2208 672 2286 improbus
687 2208 795 2266 advena
806 2208 881 2267 bello

134 2286 268 2358 Territat,
281 2287 418 2345 invalidas
431 2291 465 2345 ut
479 2308 544 2346 aves
557 2291 587 2346 et
599 2288 685 2346 litora
696 2291 793 2346 vestra

133 2365 172 2423 Vi
185 2367 311 2443 populat.
352 2366 438 2426 Petet
451 2367 498 2426 ille
511 2368 618 2445 fugam,
631 2367 800 2445 penitusque
813 2366 952 2446 profrmdo

134 2444 206 2504 Vela
218 2446 306 2504 dabit.
347 2445 406 2504 Vos
420 2447 548 2504 unanimi
561 2448 677 2506 densato
691 2450 817 2506 catervas

134 2525 177 2582 Et
189 2546 286 2603 regem
299 2525 380 2584 vobis
393 2546 490 2603 pugna
503 2526 645 2585 defendite
658 2528 802 2604 raptum.’'

134 2604 227 2677 Dixit,
241 2609 271 2663 et
285 2607 415 2664 adversos
428 2606 518 2664 telum
532 2606 671 2664 contorsit
684 2607 715 2663 in
728 2607 824 2665 hostes

134 2685 324 2758 Procurrens3
344 2686 470 2744 sonitum
483 2686 533 2743 dat
546 2685 668 2743 stridula
681 2705 791 2756 cornus,
805 2688 835 2744 et
848 2704 930 2742 auras

134 2764 222 2822 Certa
234 2769 319 2823 secat.
360 2765 451 2823 Simul
464 2765 527 2837 hoc,
541 2764 626 2823 simul
638 2764 739 2842 ingens
753 2765 866 2835 clamor,
879 2767 909 2822 et
923 2782 1020 2823 omnes

135 2844 257 2903 Turbati
271 2844 360 2917 cunei,
375 2845 563 2921 calefactaque
577 2844 661 2904 corda
673 2843 811 2902 tumultu.

134 2924 232 2982 Hasta
243 2925 349 2996 volans,
362 2928 397 2983 ut
410 2925 484 2984 forte
496 2945 600 2983 novem
611 2924 800 3001 pulcherrima
812 2924 934 2982 fratrum

135 3003 261 3081 (lorpora
274 3004 461 3062 constiterant
474 3007 583 3076 contra,
596 3025 666 3082 quos
679 3004 737 3061 fida
749 3006 857 3062 crearat

134 3083 203 3141 Una
214 3087 262 3142 tot
276 3084 397 3142 Arcadio
410 3084 513 3161 conjux
526 3084 675 3163 Tyrrhena
688 3084 802 3161 Gylipo,

134 3163 252 3222 Horum
264 3185 354 3222 unum
367 3164 403 3221 ad
415 3165 548 3237 medium,
563 3164 667 3222 teritur
680 3184 735 3241 qua
748 3163 841 3221 sutilis
855 3163 918 3221 alvo

135 3243 264 3316 Balteus,
278 3248 308 3302 et
321 3244 444 3301 laterum
451 3244 601 3321 juncturas
614 3243 702 3301 fibula
714 3244 835 3316 mordet,

134 3323 294 3401 Egregium
306 3325 397 3381 forma
405 3324 540 3401 juvenem
554 3328 583 3382 et
595 3323 771 3400 fulgentibus
785 3322 879 3394 armis,

135 3403 318 3480 Transadigit
331 3406 432 3475 costas,
446 3403 577 3478 fulvaque
590 3403 711 3462 effundit
725 3423 817 3462 arena.

134 3483 178 3540 At
191 3483 300 3553 fratres
315 3483 441 3541 animosa
452 3483 576 3559 phalanx
589 3503 759 3560 accensaque
771 3483 860 3552 luctu,

136 3562 207 3620 Pars
221 3562 330 3640 gladios
343 3563 492 3640 stringunt
504 3563 644 3633 manibus,
657 3583 722 3639 pars
735 3562 840 3620 missile
853 3561 960 3618 ferrum

136 3641 311 3720 Corripiunt,
325 3643 448 3719 caecique
461 3645 560 3700 ruunt.
601 3643 679 3714 Quos
694 3641 810 3720 agmina
822 3643 922 3698 contra

136 3721 312 3780 Procurrunt
326 3722 519 3781 Laurentum:
540 3722 607 3779 hinc
621 3722 700 3779 densi
713 3741 809 3778 rursus
822 3719 966 3779 inundant

136 3802 226 3860 Troes
240 3801 425 3879 Agyllinique
438 3804 468 3860 et
481 3802 566 3879 pictis
580 3801 704 3859 Arcades
718 3799 813 3858 armis.

137 3881 184 3939 Sic
197 3902 295 3940 omnes
310 3902 389 3939 amor
402 3901 475 3939 unus
489 3881 578 3941 habet
592 3882 742 3942 decernere
753 3879 841 3940 ferro.

126 3959 279 4036 Diripuere
291 3982 374 4036 aras,
393 3961 420 4022 it
435 3965 501 4023 toto
515 3964 637 4026 turbida
651 3965 727 4027 ooelo
