2446 4260
143 213 201 271 332
442 226 469 268 r.
483 223 624 268 rmorm
643 223 785 266 umorue

141 369 214 427 Inde
228 368 290 427 alioe
303 368 426 426 celerant
440 388 545 426 cursus.
586 367 690 443 Stupet
703 367 808 425 inscius
821 366 882 444 ipse

141 449 213 507 Tros
227 448 430 520 Anchisiades,
450 449 558 506 animos
572 450 669 505 tamen
684 447 778 505 omine
791 447 880 506 tollit.

141 529 218 586 Tum
230 529 354 587 breviter
367 548 467 604 supera
480 530 627 605 aspectans
641 547 765 585 convexa
777 531 927 604 precaturt

142 613 159 639 “
169 608 256 666 Alma
268 628 368 685 parens
382 608 461 666 Idaea
474 608 567 678 deum,
581 607 627 665 cui
640 607 788 684 Dindyma
801 608 888 679 cordi,

142 687 357 764 Turrigeraeque
371 688 462 759 urbes,
476 686 622 765 bijugique
637 686 673 743 ad
685 687 765 744 frena
776 686 890 759 leones;

141 766 188 825 Tu
200 767 272 824 mihi
284 787 360 824 nunc
373 786 478 844 pugnae
492 767 630 842 princeps,
644 769 679 823 tu
691 766 746 824 rite
759 767 931 844 propinques

141 847 312 924 Augurium,
326 846 545 924 Phrygibusque
558 845 633 904 adsis
645 845 724 922 pede,
739 846 812 916 diva,
827 845 981 904 secundo.’'

142 926 270 984 Tantum
282 927 400 984 effatus:
422 929 452 983 et
464 925 574 984 interea
586 926 716 983 revoluta
728 926 830 983 ruebat

120 1014 123 1021 ’
142 1006 260 1064 Matura
268 1005 330 1082 jam
342 1004 405 1063 luce
418 1005 486 1076 dies,
499 1008 668 1082 noctemque
681 1005 803 1082 fugarat.

181 1085 324 1162 Principio
338 1085 420 1142 sociis
434 1085 528 1155 edicit,
542 1084 624 1162 signa
637 1087 799 1160 sequantur,

141 1165 239 1242 Atque
251 1164 359 1222 animos
373 1167 474 1240 aptent
488 1164 581 1236 armis,
594 1184 754 1241 pugnaeque
766 1165 867 1241 parent
881 1183 919 1221 se.

141 1243 265 1320 Jamque
277 1244 308 1301 in
321 1247 474 1321 conspectu
487 1244 610 1302 Teucros
622 1244 710 1301 babet
724 1247 754 1301 et
767 1247 932 1315 anacastra,

142 1323 227 1381 Stans
241 1323 315 1382 celsa
327 1324 359 1381 in
371 1324 477 1401 puppi:
499 1323 622 1400 clipeum
635 1344 723 1399 quum
737 1323 837 1381 deinde
851 1323 967 1382 sinistra

142 1402 259 1461 Extulit
273 1403 428 1461 ardentem.
469 1402 629 1462 Clamorem
642 1403 679 1460 ad
691 1403 783 1461 sidera
794 1402 902 1460 tollunt

142 1482 312 1541 Dardanidae
326 1502 341 1540 e
354 1483 442 1540 muris
454 1508 461 1555 3
482 1503 544 1559 spes
558 1483 655 1540 addita
667 1482 788 1540 suscitat
800 1482 874 1554 iras;

142 1561 212 1620 Tela
225 1583 311 1620 manu
319 1562 440 1640 jaciunt.
481 1562 583 1634 Quales
597 1564 650 1620 sub
663 1562 786 1620 nubibus
800 1562 870 1619 atris

142 1641 313 1720 Strymoniae
327 1643 398 1700 dant
411 1643 493 1720 signa
506 1662 598 1720 grues,
612 1645 698 1717 atque
711 1643 820 1700 aethera
832 1645 950 1699 tranant

142 1720 217 1779 Oum
230 1722 335 1793 sonitu,
348 1721 519 1800 fugiuntque
533 1725 616 1780 notos
630 1722 750 1779 clamore
764 1721 896 1779 secundo,

141 1802 185 1859 At
198 1801 308 1860 Rutulo
322 1802 382 1879 regi
396 1802 568 1877 ducibusque
582 1821 614 1859 ea
627 1801 699 1858 mira
710 1800 801 1858 videri

142 1881 276 1939 Ausoniis
288 1906 295 1953 ;
315 1881 404 1940 donec
416 1901 510 1940 versas
524 1881 560 1938 ad
573 1881 658 1939 litora
670 1900 779 1958 puppes

142 1960 320 2037 Respiciunt‚
333 1964 485 2038 totumque
499 1961 582 2018 allabi
595 1960 729 2018 classibus
743 1979 846 2037 aequor.

141 2041 234 2099 Ardet
247 2060 317 2118 apex
330 2041 425 2118 capiti,
439 2041 587 2117 cristisque
601 2040 735 2098 avertice
748 2040 862 2097 flamma

143 2120 296 2192 Funditur,
310 2124 340 2179 et
353 2125 449 2178 vastos
462 2120 549 2178 umbo
563 2119 655 2178 vomit
668 2139 768 2177 aureus
781 2119 861 2196 ignes
874 2143 880 2177 :

142 2199 211 2258 Non
225 2220 305 2258 secus
319 2220 350 2258 ac
363 2200 471 2275 liquida
484 2200 508 2258 si
522 2201 634 2276 quando
647 2203 731 2257 nocte
745 2203 864 2257 cometae

143 2279 297 2357 Sanguinei
309 2279 430 2356 lugubre
443 2279 555 2349 rubent,
570 2283 620 2337 aut
635 2279 723 2336 Sirius
737 2279 836 2336 ardor:

142 2359 196 2417 Ille
209 2359 288 2416 sitim
301 2360 469 2434 morbosque
481 2359 572 2416 ferens
586 2359 753 2416 mortalibus
767 2358 850 2435 aegris

142 2439 288 2509 Nascitur,
303 2441 332 2496 et
345 2438 417 2496 laevo
431 2438 583 2496 contristat
596 2438 703 2496 lumine
716 2438 829 2496 coelum.

181 2518 271 2594 Haud
283 2522 380 2575 tamen
394 2517 493 2575 audaci
506 2517 603 2576 Turno
617 2519 720 2575 fiducia
733 2518 817 2575 cessit

142 2598 243 2656 Litora
255 2598 413 2675 praecipere,
427 2601 457 2656 et
470 2598 615 2656 venientes
628 2598 730 2674 pellere
744 2602 827 2654 terra.

144 2677 244 2755 [Ultro
258 2678 366 2736 animos
379 2679 457 2735 tollit
471 2677 564 2749 dictis,
578 2682 663 2754 atque
676 2678 802 2753 increpat
816 2676 892 2734 ultro
904 2676 925 2752 :]

142 2758 252 2830 “Quod
265 2758 340 2815 votis
354 2758 474 2834 optastis
489 2758 577 2828 adest,
595 2757 767 2834 perfringere
781 2757 888 2814 dextra.

142 2837 180 2895 In
193 2838 323 2895 manibus
338 2839 418 2895 Mars
431 2838 499 2914 ipse,
513 2837 576 2894 viri.
617 2837 704 2894 Nunc
718 2836 846 2914 conjugis
860 2839 922 2893 esto

143 2916 267 2994 Quisque
281 2938 337 2974 suae
350 2918 477 2993 tectique
490 2937 599 2975 memor
611 2941 617 2988 3
637 2937 713 2974 nuno
727 2935 832 2993 magna
844 2916 949 2972 referto

142 2996 241 3069 Facta,
254 3000 370 3073 patrum
383 2997 487 3054 laudes.
529 2996 616 3053 Ultro
630 3016 807 3053 occurramus
821 2995 858 3052 ad
870 2996 986 3066 undam,

142 3075 222 3133 Dum
235 3076 347 3152 trepidi,
361 3078 519 3153 egressique
532 3076 629 3134 labant
642 3076 764 3152 vestigia
776 3075 876 3151 prima.

142 3157 289 3214 Audentes
301 3156 417 3214 fortuna
425 3155 539 3233 juvat.”

142 3234 216 3293 Haec
229 3236 279 3306 ait,
293 3240 323 3294 et
336 3255 431 3292 secum
444 3239 547 3306 versat,
562 3255 631 3312 quos
645 3235 746 3292 ducere
760 3236 867 3304 contra,

141 3314 196 3372 Vel
209 3315 310 3392 quibus
324 3315 450 3372 obsessos
464 3315 554 3391 possit
568 3315 732 3372 concredere
745 3334 849 3370 muros

181 3395 297 3453 Interea
310 3395 414 3452 AEneas
428 3395 518 3452 socios
532 3396 567 3452 de
579 3393 721 3470 puppibus
735 3392 801 3451 altis

143 3474 283 3533 Pontibus
297 3474 422 3550 exponit.
463 3474 554 3531 Multi
568 3494 677 3532 servare
690 3492 819 3531 recursus

141 3553 319 3632 Languentis
332 3553 433 3630 pelagi,
447 3556 477 3612 et
490 3553 623 3611 brevibus
636 3574 665 3611 se
680 3553 790 3611 credere
804 3551 896 3622 saltu;

143 3633 198 3691 Per
210 3654 302 3692 remos
316 3635 372 3692 alii.
413 3633 579 3710 Speculatus
592 3633 678 3691 litora
691 3632 831 3701 Tarchon,

142 3712 206 3783 Qua
218 3714 290 3772 vada
303 3735 360 3772 non
375 3713 491 3791 spirant,
505 3733 557 3770 nec
569 3713 660 3770 fracta
672 3712 863 3770 remurmurat
876 3709 962 3782 unda,

142 3792 198 3850 Sed
211 3814 288 3851 mare
300 3793 470 3851 inoffensum
483 3792 620 3851 crescenti
633 3792 766 3850 allabitur
779 3794 859 3860 aestu,

134 3874 276 3936 Advertit
290 3874 387 3936 subito
400 3894 511 3954 proras,
523 3872 669 3946 sociosque
678 3874 809 3946 precatur
819 3895 830 3926 ·.

130 3963 148 3990 “
154 3958 260 4038 Nunc,
277 3981 295 4021 ο
308 3959 390 4022 lecta
401 3976 521 4030 manus,
533 3951 639 4012 ualidis
648 3947 812 4006 incumbite
820 3944 910 3999 renus
919 3966 931 3997 ·.
