2446 4260
154 220 214 278 314
460 234 641 277 nvrncmrr
654 233 796 277 Minoris

155 375 288 454 Amplius
301 375 420 434 audaces
434 375 546 450 Rutuli,
560 377 610 436 sed
622 377 724 455 pellere
736 376 812 436 vallo

155 455 315 514 Missilibus
329 459 449 515 certant.

156 535 244 594 Parte
257 535 313 594 alia
324 535 481 595 horrendus
494 537 558 595 visu
571 536 723 614 quassabat
737 537 892 595 Etruscam

156 615 271 688 Pinum,
285 618 315 674 et
329 616 474 674 fumiferos
487 616 574 674 infert
588 615 750 674 Mezentius
764 617 862 694 ignes3

156 695 199 753 At
213 695 362 773 Messapus
376 716 481 773 equum
494 695 626 768 domitor,
641 695 789 773 Neptunia
801 697 903 774 proles,

156 774 307 834 Rescindit
319 775 435 846 vallum,
449 778 478 834 et
492 776 579 834 scalas
589 776 620 833 in
633 776 738 834 moenia
750 777 850 853 poscit.

195 854 264 925 Vos
278 874 294 913 o
309 853 442 932 Calliope,
455 874 562 932 precor,
576 855 697 933 aspir-ate
711 857 832 928 canenti,

157 933 234 1006 Quas
247 934 288 992 ibi
300 937 370 992 tunc
380 935 453 995 ferro
467 939 585 1013 strages,
599 956 662 1012 quae
676 935 774 994 funera
787 936 901 994 Turnus

156 1013 297 1085 Ediderit
311 1034 397 1090 quem
410 1014 528 1092 quisque
540 1015 634 1073 virum
647 1015 792 1074 demiserit
806 1015 879 1074 Orco
890 1040 897 1088 3

156 1092 199 1151 Et
212 1112 324 1152 mecum
337 1093 468 1170 ingentes
483 1115 545 1153 oras
560 1095 682 1153 evolvite
694 1095 770 1153 belli.

159 1172 216 1251 [Et
228 1173 398 1232 meministis
413 1175 497 1247 enim,
511 1175 592 1246 divae,
606 1178 635 1233 et
648 1194 804 1233 memorare
817 1173 962 1252 potestis]

196 1253 295 1311 Turris
309 1256 370 1312 erat
383 1257 465 1312 vasto
479 1256 612 1331 suspectu
624 1257 654 1312 et
667 1255 803 1332 pontibus
817 1254 893 1327 altis,

157 1331 326 1410 Opportuna
337 1333 416 1406 loco;
437 1334 555 1392 summis
569 1355 654 1411 quam
667 1334 775 1393 viribus
788 1354 886 1392 omnes

156 1411 330 1490 Expugnare
344 1413 421 1486 Itali,
436 1434 600 1490 summaque
614 1417 739 1473 evertere
752 1435 839 1492 opum
851 1414 881 1472 vi

157 1490 330 1552 Certabant:
351 1493 441 1552 Troes
455 1497 555 1552 contra
567 1494 714 1552 defendere
728 1494 811 1566 saxis,

157 1571 268 1650 Perque
281 1593 363 1632 cavas
377 1573 456 1632 densi
469 1573 528 1632 tela
539 1574 701 1652 intorquere
714 1573 862 1632 fenestras.

157 1651 292 1730 Princeps
307 1653 454 1712 ardentem
467 1653 587 1731 conjecit
599 1653 731 1731 lampada
744 1654 866 1726 Turnus,

156 1730 200 1790 Et
212 1731 357 1791 flammam
371 1733 461 1791 affixit
473 1733 572 1805 lateri3
593 1754 657 1810 quae
671 1732 793 1810 plurima
805 1738 893 1792 vento

157 1810 302 1889 Corripuit
315 1813 436 1885 tabulas,
450 1816 480 1872 et
492 1813 622 1890 postibus
635 1813 718 1871 haesit
731 1813 830 1872 adesis.

157 1890 279 1951 Turbati
291 1892 432 1971 trepidare
445 1893 533 1966 intus,
546 1893 707 1970 frustraque
720 1892 860 1952 malorum

157 1970 238 2031 Velle
251 1972 358 2051 fugam.
399 1973 480 2031 Dum
493 1993 522 2032 se
535 1973 704 2050 glomerant,
717 1977 849 2050 retroque
862 1972 993 2031 residunt

157 2049 196 2110 In
208 2054 320 2129 partem
333 2073 396 2130 quae
409 2057 489 2130 peste
503 2055 588 2124 caret,
601 2056 666 2111 tum
679 2053 802 2130 pondere
815 2052 903 2111 turris

157 2130 315 2191 Procubuit
328 2133 433 2204 subito,
447 2136 477 2190 et
491 2132 594 2191 coelum
606 2134 690 2191 tonat
704 2152 787 2191 omne
801 2133 921 2212 fragore.

157 2211 315 2270 Semineces
328 2212 365 2270 ad
377 2215 491 2284 terram,
505 2213 624 2270 immani
636 2213 711 2271 mole
723 2215 828 2286 secuta,

157 2290 323 2367 Confixique
337 2291 395 2349 suis
407 2291 473 2349 telis
487 2294 517 2350 et
530 2295 645 2370 pectora
658 2293 729 2350 duro

156 2371 317 2429 Transfossi
329 2371 408 2448 ligno
421 2371 550 2430 veniunt.
590 2372 647 2430 Vix
660 2393 733 2429 unus
747 2372 883 2444 Helenor,

155 2450 199 2508 Et
213 2451 308 2528 Lycus
322 2451 424 2528 elapsi;
445 2472 565 2528 quorum
578 2451 728 2528 primaevus
742 2452 877 2525 Helenor,

156 2529 283 2589 Maeonio
297 2531 357 2608 regi
373 2551 458 2608 quem
471 2552 551 2589 serva
564 2530 714 2609 Licymnia
727 2532 827 2590 furtim

156 2610 326 2684 Sustulerat,
339 2611 493 2687 vetitisque
506 2613 542 2669 ad
554 2611 670 2688 Trojam
683 2611 799 2670 miserat
811 2611 905 2684 armis,

155 2689 233 2749 Ense
246 2691 316 2749 levis
330 2692 415 2762 nudo,
428 2711 581 2768 parmaque
594 2691 731 2767 inglorius
745 2693 816 2749 alba.

156 2769 243 2847 Isque
257 2771 307 2829 ubi
320 2791 350 2830 se
364 2771 454 2828 Turni
467 2772 560 2829 media
572 2771 648 2829 inter
661 2771 751 2828 millia
763 2772 846 2842 vidit,

129 2855 135 2870 ¹
155 2849 235 2909 Hinc
249 2851 329 2923 acies,
344 2854 428 2928 atque
442 2851 509 2908 hino
522 2851 594 2908 acies
608 2851 719 2909 adstare
733 2850 868 2922 Latinas3

156 2928 200 2987 Ut
213 2930 281 3002 fera,
295 2951 356 3006 quae
370 2931 457 2988 densa
469 2933 624 2988 venantum
640 2933 721 3007 septa
734 2951 837 2989 corona

156 3008 265 3068 Contra
276 3010 336 3068 tela
348 3011 427 3081 furit,
441 3030 555 3086 seseque
568 3010 646 3067 haud
659 3011 753 3068 nescia
767 3010 854 3069 morti

155 3088 264 3167 Injicit,
278 3093 308 3147 et
322 3090 397 3147 saltu
411 3110 495 3167 supra
507 3089 647 3148 venabula
659 3089 766 3148 fertur:

155 3168 246 3227 Haud
258 3169 341 3227 aliter
350 3169 462 3246 juvenis
476 3170 583 3228 medios
597 3169 752 3227 moriturus
765 3170 796 3227 in
809 3168 908 3226 hostes

156 3248 264 3319 Irruit;
284 3252 322 3321 et,
337 3270 392 3325 qua
405 3249 464 3307 tela
475 3249 554 3307 videt
568 3249 741 3320 densissima,
755 3249 858 3307 tendit.

153 3329 196 3387 At
209 3329 326 3406 pedibus
340 3328 425 3405 longe
438 3329 537 3387 melior
551 3328 646 3406 Lycus
659 3329 736 3387 inter
750 3334 779 3387 et
793 3329 900 3398 hostes,

155 3408 238 3467 Inter
251 3412 281 3467 et
295 3428 381 3480 arma,
394 3409 463 3486 fuga
475 3429 571 3466 muros
584 3411 674 3480 tenet,
688 3410 800 3485 altaque
814 3410 905 3466 certat

155 3487 297 3547 Prendere
310 3491 389 3547 tecta
401 3509 496 3560 manu,
510 3489 672 3565 sociumque
686 3489 828 3565 attingere
842 3488 965 3545 dextras.

155 3568 248 3640 Quem
261 3568 384 3639 Turnus,
398 3569 503 3645 pariter
517 3588 602 3626 cursu
614 3569 728 3645 teloque
742 3570 865 3638 secutus,

155 3648 289 3725 Increpat
302 3648 348 3706 his
361 3649 470 3706 victor:
492 3652 508 3678 “
519 3648 679 3707 Nostraene
693 3648 818 3718 evadere,
832 3647 957 3718 demens,

155 3727 281 3805 Sperasti
293 3731 324 3786 te
337 3748 418 3806 posse
431 3726 556 3786 manus?
567 3728 585 3753 ’'
607 3728 692 3785 simul
706 3727 806 3804 arripit
821 3727 917 3803 ipsum

155 3806 341 3880 Pendentem,
355 3812 385 3866 et
398 3828 503 3885 magna
515 3806 590 3864 muri
603 3828 669 3864 cum
681 3811 762 3885 parte
776 3807 905 3865 revellit:

153 3887 253 3963 Qualis
266 3889 319 3949 ubi
332 3892 383 3949 aut
393 3889 532 3968 leporem,
543 3889 596 3944 aut
608 3887 743 3943 candenti
752 3907 866 3960 corpore
879 3906 1011 3960 cycnum,

147 3972 281 4034 Sustulit
296 3972 359 4034 alta
371 3974 477 4053 petens
490 3967 614 4048 pedibus
626 3964 713 4021 bouis
724 3963 847 4034 armiger
856 3963 962 4030 unos,
