2446 4260
153 225 213 284 344
456 235 640 279 nvmomn
652 235 795 279 mancare

153 379 312 441 Missilibus
324 378 409 457 longe
423 380 453 438 et
464 382 547 457 vasto
560 378 682 438 clamore
694 378 847 438 lacessunt.

152 462 279 520 Venerat
292 459 417 537 antiquis
431 458 553 537 Corythi
566 459 601 518 de
614 459 719 517 finibus
731 459 837 532 Acron,

155 540 259 600 Graius
273 539 369 610 homo,
381 539 501 598 infectos
514 539 645 616 linquens
657 539 795 617 profligas
808 540 993 618 hymenaeos:

155 620 244 678 Hunc
258 619 308 677 ubi
321 619 488 678 miscentem
500 619 585 696 longe
597 619 692 677 media
704 619 819 696 agmina
831 619 915 693 vidit,

155 700 334 777 Purpureum
347 698 446 775 pennis
459 701 489 756 et
502 703 594 775 pactae
607 698 736 777 conjugis
748 702 827 758 ostro
838 724 845 759 :

155 779 302 856 Impastus
316 778 428 836 stabula
440 778 499 835 alta
511 778 556 837 leo
569 799 621 836 ceu
634 799 707 856 saepe
720 798 914 856 peragrans-

155 858 263 916 Suadet
277 857 353 915 enim
365 876 469 915 vesana
481 857 635 917 fames-si
647 859 722 917 forte
734 858 866 937 fugacem

156 937 311 1014 Conspexit
325 956 463 1014 capream,
477 941 528 995 aut
542 941 707 1015 surgentem
719 938 750 996 in
763 959 870 996 cornua
882 959 1007 1011 cervum,

156 1017 279 1087 Gaudet,
292 1016 374 1074 hians
387 1016 519 1088 immane,
533 1037 683 1095 comasque
696 1018 809 1089 arrexit,
823 1022 854 1077 et
867 1018 959 1077 haeret

155 1096 317 1155 Visceribus
331 1116 414 1173 super
427 1096 611 1170 incumbens;
631 1097 703 1156 lavit
715 1097 845 1176 improba
856 1101 933 1157 teter

156 1175 214 1234 Ora
227 1196 326 1235 cruor:

156 1255 202 1313 Sic
215 1256 275 1313 ruit
288 1255 319 1313 in
333 1255 433 1314 densos
447 1255 537 1314 alacer
550 1256 714 1315 Mezentius
727 1255 834 1316 hostes.

156 1336 301 1393 Sternitur
313 1336 412 1394 infelix
424 1337 529 1407 Acron,
543 1340 574 1395 et
587 1336 709 1394 calcibus
723 1339 816 1394 atram

157 1415 267 1473 Tundit
280 1416 401 1473 humum
414 1417 566 1493 exspirans,
579 1415 755 1492 infractaque
767 1415 829 1474 tela
842 1417 982 1474 cruentat.

156 1496 254 1572 Atque
267 1495 343 1555 idem
355 1495 514 1573 fugientem
532 1495 610 1554 haud
623 1498 668 1554 est
681 1496 816 1573 dignatus
831 1495 946 1555 Oroden

157 1575 297 1647 Sternere,
310 1595 362 1634 nec
370 1575 450 1653 jacta
463 1596 567 1634 caecum
580 1575 646 1634 dare
660 1575 775 1652 cuspide
787 1576 912 1635 vulnus:

157 1655 265 1713 Obvius
279 1656 450 1732 adversoque
463 1655 594 1726 occurrit,
608 1675 693 1733 seque
705 1655 767 1713 viro
780 1655 825 1713 vir

157 1734 297 1806 Contulit,
310 1735 388 1793 haud
400 1735 479 1794 furto
493 1736 600 1807 melior,
614 1735 663 1794 sed
675 1735 798 1794 fortibus
811 1735 905 1793 armis.

157 1814 234 1871 Tum
247 1834 330 1892 super
343 1814 486 1892 abjectum
498 1815 592 1892 posito
605 1815 676 1891 pede
688 1815 772 1872 nixus
785 1818 816 1873 et
828 1815 932 1874 hasta:

158 1893 228 1952 Pars
241 1893 308 1953 belli
320 1894 398 1952 haud
410 1895 572 1967 temnenda,
585 1894 648 1966 viri,
657 1894 735 1972 jacet
748 1895 823 1953 altus
837 1895 953 1954 Orodes.

158 1973 344 2033 Conclamant
358 1975 426 2032 socii
438 1975 538 2033 laetum
551 1994 649 2052 paeana
662 1974 761 2032 secuti.

158 2053 212 2112 Ille
226 2058 322 2113 autem
336 2054 495 2132 exspirans:
517 2059 533 2085 “
544 2055 613 2113 Non
626 2073 681 2126 me,
695 2053 866 2131 quicumque
879 2074 918 2127 es,
931 2054 1035 2126 inulto,

157 2134 266 2205 Victor,
280 2154 332 2193 nec
344 2134 463 2211 longum
476 2135 626 2192 laetabere:
647 2137 678 2192 te
691 2154 802 2211 quoque
815 2134 876 2192 fata

157 2213 346 2291 Prospectant
359 2214 445 2289 paria,
460 2217 546 2290 atque
559 2213 658 2272 eadem
671 2233 738 2272 mox
751 2234 819 2271 arva
831 2214 973 2272 tenebis.’'

157 2293 205 2350 Ad
218 2314 303 2369 quem
316 2292 462 2351 subridens
475 2294 567 2351 mixta
580 2293 742 2351 Mezentius
754 2293 815 2352 ira:

158 2377 174 2402 “
184 2373 270 2430 Nunc
280 2392 396 2447 morere.
427 2374 484 2430 Ast
494 2372 528 2430 de
538 2394 584 2431 me
598 2373 696 2430 divum
709 2376 791 2450 pater
801 2376 886 2450 atque
896 2373 1048 2432 hominum
1058 2394 1105 2432 rex

158 2452 299 2510 Viderit.”
341 2452 407 2510 Hoc
418 2452 513 2510 dicens
527 2453 625 2511 eduxit
638 2473 753 2530 corpore
766 2453 866 2511 telum.

159 2532 217 2589 Olli
232 2532 303 2590 dura
315 2532 394 2608 quies
408 2533 502 2591 oculos
517 2536 546 2590 et
559 2534 665 2591 ferreus
678 2535 763 2610 urget

159 2613 281 2670 Somnus
293 2637 300 2684 ;
320 2612 351 2670 in
364 2615 500 2671 aeternam
515 2613 687 2670 clauduntur
699 2613 808 2670 lumina
820 2614 945 2670 noctem.

158 2691 287 2750 Caedicus
301 2693 475 2751 Alcathoum
489 2694 649 2763 obtruncat,
664 2693 794 2750 Sacrator
808 2691 987 2769 Hydaspem

158 2772 402 2848 Partheniumque
415 2773 497 2850 Rapo
512 2777 542 2831 et
554 2774 718 2850 praedurum
731 2772 838 2830 viribus
853 2771 963 2831 Orsen:

158 2853 307 2928 Messapus
322 2852 509 2929 Cloniumque
523 2852 755 2930 Lycaoniumque
769 2851 921 2923 Ericeten;

159 2931 247 2988 Illum
260 2932 376 2990 infrenis
390 2933 455 3008 equi
468 2933 549 3010 lapsu
561 2932 663 2990 tellure
673 2931 825 3009 jacentem,

157 3012 247 3068 Hunc
261 3012 384 3087 peditem
398 3013 491 3089 pedes.
533 3013 574 3070 Et
588 3011 695 3089 Lycius
709 3014 882 3088 processerat
895 3011 978 3089 Agis,

158 3092 250 3162 Quem
263 3096 360 3149 tamen
374 3091 451 3149 haud
464 3112 561 3168 expers
574 3091 693 3149 Valerus
708 3091 823 3148 virtutis
838 3091 922 3148 avitae

158 3171 281 3247 Dejicit3
302 3175 333 3229 at
347 3171 506 3229 Thronium
520 3172 619 3242 Salius,
634 3170 796 3247 Saliumque
810 3170 939 3243 Nealces,

158 3251 284 3328 Insignis
295 3251 390 3328 jaculo
405 3256 434 3309 et
447 3251 532 3328 longe
545 3251 660 3309 fallente
674 3250 790 3327 sagitta.

197 3331 218 3387 J
220 3351 266 3388 am
279 3331 373 3408 gravis
387 3332 518 3407 aequabat
533 3332 628 3390 luctus
643 3334 673 3389 et
686 3334 789 3388 mutua
801 3330 919 3388 Mavors

159 3411 274 3468 Funera
285 3436 291 3482 3
312 3411 458 3469 caedebant
471 3411 577 3487 pariter
590 3411 750 3487 pariterque
763 3411 886 3468 ruebant

158 3491 288 3548 Victores
302 3491 443 3566 victique;
463 3510 554 3566 neque
566 3491 613 3548 his
625 3491 695 3568 fuga
707 3493 785 3560 nota,
799 3509 890 3566 neque
902 3489 968 3547 illis.

158 3569 198 3627 Di
212 3570 233 3626 J
235 3570 295 3627 ovis
308 3570 338 3628 in
351 3569 436 3629 tectis
449 3570 521 3627 iram
534 3571 705 3628 miserantur
717 3570 831 3627 inanem

157 3650 326 3722 Amborum‚
340 3654 370 3708 et
383 3654 481 3708 tantos
494 3650 662 3708 mortalibus
676 3670 736 3708 esse
749 3650 858 3707 labores
869 3673 876 3720 ;

157 3729 237 3786 Hinc
251 3730 357 3801 Venus,
370 3730 437 3787 hinc
452 3734 551 3788 contra
564 3733 674 3806 spectat
689 3728 823 3787 Saturnia
836 3729 857 3785 J
859 3748 927 3787 uno.

156 3808 270 3869 Pallida
282 3809 439 3890 Tisiphone
450 3810 546 3870 media
555 3810 632 3868 inter
644 3809 734 3866 millia
747 3808 839 3866 saevit.

151 3894 198 3954 At
211 3915 282 3954 vero
295 3894 452 3974 ingentem
465 3891 600 3969 quatiens
607 3887 901 3945 Meaenhushasuam
945 3958 952 3970 ἱ

149 3977 308 4040 Turbidus
322 3974 496 4058 ingredrtm
511 3989 626 4047 camps-
665 3965 766 4033 (ξω
772 3978 899 4031 W&
908 3958 1013 4024 ΜΝ,
