2446 4260
138 203 197 262 306
442 217 624 260 r.r1nc1n11
636 216 779 260 macrus

86 343 87 346 Ἴ
137 360 198 419 Hic
211 359 292 418 annis
305 359 400 438 gravis
413 362 499 437 atque
512 359 600 418 animi
612 361 743 418 maturus
756 359 873 419 Aletes:

138 439 180 499 Di
192 439 286 517 patrii,
300 459 421 518 quorum
434 460 544 517 semper
557 441 610 499 sub
623 440 741 498 numine
755 439 841 519 Trcja
854 443 908 513 est,

137 519 208 578 Non
220 523 318 578 tamen
332 519 448 578 omnino
461 520 584 578 Teucros
598 520 689 578 delere
702 520 818 597 paratis,

139 599 236 672 Quum
247 600 319 658 tales
333 599 442 658 animos
451 599 589 677 juvenum
603 603 632 658 et
645 602 708 657 tam
721 603 799 658 certa
811 598 921 658 tulistis

138 679 288 738 Pectora.”
330 679 377 738 Sic
390 699 557 750 memorans,
570 680 703 737 humeros
717 679 886 756 dextrasque
899 679 1020 738 tenebat

137 759 306 830 amborum,
320 763 350 818 et
363 759 477 817 vultum
489 759 612 818 lacrimis
626 761 712 836 atque
725 779 774 818 ora
786 759 917 836 rigabat:

138 842 155 869 “
165 837 234 910 Quae
247 839 335 911 vobis,
349 858 410 916 quae
424 839 519 916 digna,
532 839 594 910 viri,
608 859 660 916 pro
673 839 802 897 laudibus
815 839 880 897 istis

139 917 260 977 Praemia
272 939 354 996 posse
367 939 429 976 rear
441 917 536 978 solvi?
556 917 746 996 pulcherrima
757 919 882 996 primum

139 996 180 1054 Di
193 1017 339 1076 moresque
353 999 463 1057 dabunt
476 999 581 1070 vestri3
600 1001 666 1056 tum
679 1001 773 1057 cetera
786 999 886 1057 reddet

137 1077 282 1136 Actutum
293 1078 357 1155 pius
370 1078 483 1148 AEneas,
497 1081 582 1155 atque
595 1078 708 1156 integer
720 1077 772 1136 aevi

138 1156 286 1228 Ascanius,
299 1157 396 1215 meriti
408 1157 485 1216 tanti
497 1178 556 1216 non
568 1158 718 1216 immemor
730 1177 865 1234 unquam.

139 1235 234 1294 Immo
248 1256 301 1314 ego
314 1257 374 1308 vos,
387 1238 433 1296 cui
446 1238 506 1295 sola
518 1237 593 1295 salus
606 1238 735 1316 genitore
748 1238 874 1309 reducto,

138 1315 256 1393 Excipit
270 1316 417 1388 Ascanius,
430 1337 480 1394 per
493 1337 621 1394 magnos,
634 1318 715 1389 Nise,
728 1317 859 1388 Penates,

137 1394 323 1474 Assaracique
336 1396 448 1469 Larem,
462 1400 492 1456 et
505 1417 582 1455 canae
594 1397 749 1474 penetralia
761 1397 869 1468 Vestae,

138 1473 276 1533 Obtestor
286 1496 517 1554 :-quaecumque
531 1477 603 1535 mihi
615 1477 730 1535 fortuna
742 1477 867 1554 fidesque
880 1479 926 1536 est

139 1554 176 1612 In
189 1555 292 1614 vestris
305 1577 379 1634 pono
393 1557 678 1634 gremiis-revocate
690 1560 855 1634 parentem

138 1633 263 1695 Reddite
276 1640 475 1714 conspectum
495 1635 568 1695 nihil
580 1636 630 1695 illc
642 1637 727 1696 triste
739 1639 862 1713 recepto.

139 1713 215 1773 Bina
227 1715 300 1774 dabo
314 1719 433 1794 argento
446 1717 572 1793 perfecta
584 1720 669 1794 atque
683 1737 781 1793 aspera
793 1716 882 1794 signis

139 1793 254 1867 Pocula,
268 1795 380 1855 devicta
392 1797 505 1874 genitor
519 1817 581 1874 quaa
594 1797 669 1873 cepit
684 1796 802 1868 Arisba-3

138 1873 181 1932 Et
193 1875 320 1952 tripodas
333 1877 470 1954 geminos,
484 1877 545 1934 auri
558 1877 614 1935 duo
628 1896 732 1954 magna
744 1875 871 1948 talenta;

140 1952 258 2013 Cratera
270 1956 429 2034 antiquum,
440 1976 525 2033 quem
538 1957 588 2014 dat
602 1956 718 2014 Sidonia
730 1955 816 2014 Dido.
850 2008 858 2021 ,

139 2033 171 2091 Si
183 2054 250 2093 vero
264 2055 361 2112 capere
374 2035 491 2094 Italiam
504 2036 677 2113 sceptrisque
690 2035 777 2112 potiri

139 2112 301 2191 contigerit
313 2116 424 2186 victori,
438 2119 468 2174 et
481 2116 582 2192 praeda
596 2116 696 2174 ducere
709 2119 832 2174 sortem:

138 2192 254 2266 Vidisti,
268 2215 323 2271 quc
337 2195 451 2253 Turnus
465 2215 546 2273 equo,
560 2195 662 2272 quibus
675 2195 737 2253 ibat
750 2195 781 2252 in
794 2193 880 2253 armis

87 2271 89 2276 ’
139 2272 268 2345 Aureus3
288 2275 382 2351 ipsum
395 2274 485 2346 illum,
499 2274 620 2352 clipeum
633 2275 788 2352 cristasque
801 2274 936 2333 rubentes

139 2352 288 2430 Excipiam
302 2354 380 2425 sorti,
390 2354 451 2432 jam
464 2375 540 2412 nunc
553 2359 605 2412 tua
618 2355 743 2432 praemia,
757 2354 838 2413 Nise.

139 2431 281 2491 Praeterea
293 2433 336 2492 bis
350 2454 399 2491 sex
412 2434 525 2511 genitor
538 2433 690 2493 lectissima
704 2437 829 2492 matrum

139 2511 271 2589 Corpora,
285 2514 466 2591 captivosque
480 2513 568 2585 dabit,
582 2535 687 2592 suaque
700 2514 831 2572 omnibus
845 2533 940 2584 arma;

139 2591 261 2669 Insuper
274 2594 327 2666 his,
341 2594 433 2671 campi
447 2594 522 2672 qucd
534 2614 584 2652 rex
597 2595 684 2653 habet
696 2594 755 2671 ipse
769 2593 899 2652 Latinus.

140 2670 181 2730 Te
196 2693 271 2745 vero,
285 2694 349 2732 mea
362 2695 446 2751 quem
460 2673 560 2751 spatiis
573 2674 749 2751 propioribus
765 2676 835 2731 aetas

138 2749 312 2829 Insequitur,
326 2754 482 2813 venerande
495 2774 573 2830 puer,
582 2754 644 2832 jam
657 2757 770 2830 pectore
783 2756 847 2811 toto

138 2831 263 2909 Accipio,
278 2837 307 2891 et
321 2834 455 2892 comitem
468 2854 548 2892 casus
562 2833 734 2910 complector
747 2834 778 2890 in
791 2853 897 2891 omnes,

139 2910 228 2970 Nulla
241 2912 311 2971 meis
325 2913 385 2972 sine
398 2916 428 2971 te
442 2916 584 2990 quaeretur
596 2913 687 2990 gloria
699 2913 800 2985 rebus3

139 2990 195 3048 Seu
208 3012 306 3068 pacem
316 3013 365 3051 seu
378 2993 451 3051 bella
464 3013 577 3070 geram3
597 2993 652 3051 tibi
665 2993 789 3051 maxima
801 3012 896 3050 rerum

138 3069 352 3150 Verborumque
364 3073 462 3131 fides'’
505 3072 613 3132 Contra
625 3094 709 3150 quem
722 3074 792 3131 talia
804 3073 881 3131 fatur

139 3149 297 3228 Euryalus:
319 3157 335 3182 “
345 3152 395 3210 Me
408 3153 487 3211 nulla
500 3153 559 3210 dies
572 3155 634 3210 tam
647 3153 768 3211 fortibus
782 3153 855 3210 ausis

139 3230 315 3290 Dissimilem
328 3233 471 3309 arguerit;
491 3234 762 3291 tantum—fortuna
775 3232 896 3290 secunda

139 3310 201 3369 Aut
214 3311 330 3370 adversa
343 3312 434 3370 cadat.
476 3312 532 3370 Sed
544 3315 574 3371 te
588 3332 671 3388 super
684 3313 780 3370 omnia
793 3313 867 3369 dona

139 3389 238 3448 Unum
252 3412 317 3450 oro:
338 3392 468 3469 genetrix
482 3392 589 3450 Priami
603 3392 637 3450 de
651 3395 737 3468 gente
751 3393 866 3450 vetusta

138 3469 195 3528 Est
208 3471 288 3544 mihi,
303 3492 388 3549 quam
400 3472 532 3529 miseram
546 3471 641 3530 tenuit
654 3493 712 3529 non
726 3471 782 3529 Ilia
794 3470 880 3528 tellus

139 3549 256 3609 Mecum
269 3552 458 3623 excedentem,
471 3571 530 3609 non
543 3552 648 3609 moenia
660 3551 734 3628 regis
748 3551 868 3609 Acestae.

138 3629 224 3689 Hanc
238 3651 291 3709 ego
305 3652 381 3690 nunc
393 3632 522 3709 ignaram
536 3631 621 3708 hujus
635 3632 831 3708 quodcumque
844 3627 942 3708 pericli
956 3631 1000 3686 est

139 3709 231 3786 Inque
245 3712 398 3770 salutatam
411 3712 508 3788 linquo
520 3735 527 3783 ;
547 3711 615 3769 Nox
629 3715 658 3769 et
671 3713 723 3768 tua
735 3710 819 3768 testis

138 3788 272 3862 Dextera,
287 3794 362 3868 quod
375 3811 512 3870 nequeam
524 3791 654 3849 lacrimas
666 3790 788 3867 perferre
802 3789 937 3867 parentis.

133 3868 179 3930 At
193 3872 236 3947 tu,
251 3891 311 3947 oro,
324 3872 414 3933 solare
426 3871 552 3950 inopem,
563 3873 594 3929 et
605 3890 735 3928 succurre
748 3870 862 3928 relictae.

128 3951 221 4016 Hanc
237 3954 300 4016 sine
314 3975 362 4016 me
376 3975 461 4035 spem
472 3953 549 4013 ierne
558 3950 626 4010 tiri:
644 3948 794 4007 audentior
801 3948 854 4002 'ino
