<?xml version="1.0" encoding="UTF-8"?>
<!DOCTYPE html PUBLIC "-//W3C//DTD XHTML 1.0 Transitional//EN"
    "http://www.w3.org/TR/xhtml1/DTD/xhtml1-transitional.dtd">
<html xmlns="http://www.w3.org/1999/xhtml" xml:lang="en" lang="en">
 <head>
  <title>
</title>
<meta http-equiv="Content-Type" content="text/html;charset=utf-8" />
  <meta name='ocr-system' content='tesseract 3.04.00' />
  <meta name='ocr-capabilities' content='ocr_page ocr_carea ocr_par ocr_line ocrx_word'/>
</head>
<body>
  <div class='ocr_page' id='page_1' title='image "./worksfromtexthe00virggoog_0155.png"; bbox 0 0 2446 4260; ppageno 0'>
   <div class='ocr_carea' id='block_1_1' title="bbox 138 214 796 272">
    <p class='ocr_par' dir='ltr' id='par_1_1' title="bbox 138 214 796 272">
     <span class='ocr_line' id='line_1_1' title="bbox 138 214 796 272; baseline 0 -1"><span class='ocrx_word' id='word_1_1' title='bbox 138 214 197 272; x_wconf 82' lang='lat'>120</span> <span class='ocrx_word' id='word_1_2' title='bbox 441 229 468 270; x_wconf 75' lang='grc' dir='ltr'>Ρ.</span> <span class='ocrx_word' id='word_1_3' title='bbox 481 228 623 270; x_wconf 76' lang='lat' dir='ltr'>maeuii</span> <span class='ocrx_word' id='word_1_4' title='bbox 642 228 796 272; x_wconf 76' lang='lat' dir='ltr'>Marcius.</span> 
     </span>
    </p>
   </div>
   <div class='ocr_carea' id='block_1_2' title="bbox 133 369 1001 3398">
    <p class='ocr_par' dir='ltr' id='par_1_2' title="bbox 136 369 864 448">
     <span class='ocr_line' id='line_1_2' title="bbox 136 369 864 448; baseline 0.004 -18"><span class='ocrx_word' id='word_1_5' title='bbox 136 369 295 441; x_wconf 87' lang='lat' dir='ltr'>Phoenissa,</span> <span class='ocrx_word' id='word_1_6' title='bbox 309 372 339 428; x_wconf 90' lang='lat' dir='ltr'>et</span> <span class='ocrx_word' id='word_1_7' title='bbox 353 370 458 447; x_wconf 85' lang='lat' dir='ltr'>pariter</span> <span class='ocrx_word' id='word_1_8' title='bbox 471 390 558 447; x_wconf 87' lang='lat' dir='ltr'>puero</span> <span class='ocrx_word' id='word_1_9' title='bbox 572 371 708 448; x_wconf 86' lang='lat' dir='ltr'>donisque</span> <span class='ocrx_word' id='word_1_10' title='bbox 721 376 864 432; x_wconf 87' lang='lat' dir='ltr'>movetur.</span> 
     </span>
    </p>

    <p class='ocr_par' dir='ltr' id='par_1_3' title="bbox 137 450 828 528">
     <span class='ocr_line' id='line_1_3' title="bbox 137 450 828 528; baseline 0.003 -20"><span class='ocrx_word' id='word_1_11' title='bbox 137 451 193 510; x_wconf 92' lang='lat' dir='ltr'>Ille</span> <span class='ocrx_word' id='word_1_12' title='bbox 205 450 256 508; x_wconf 92' lang='lat' dir='ltr'>ubi</span> <span class='ocrx_word' id='word_1_13' title='bbox 269 451 417 527; x_wconf 83' lang='lat' dir='ltr'>complexu</span> <span class='ocrx_word' id='word_1_14' title='bbox 431 451 529 508; x_wconf 80' lang='lat' dir='ltr'>AEneae</span> <span class='ocrx_word' id='word_1_15' title='bbox 542 451 669 527; x_wconf 88' lang='lat' dir='ltr'>colloque</span> <span class='ocrx_word' id='word_1_16' title='bbox 682 452 828 528; x_wconf 83' lang='lat' dir='ltr'>pependit,</span> 
     </span>
    </p>

    <p class='ocr_par' dir='ltr' id='par_1_4' title="bbox 137 529 848 608">
     <span class='ocr_line' id='line_1_4' title="bbox 137 529 848 608; baseline 0.003 -20"><span class='ocrx_word' id='word_1_17' title='bbox 137 531 180 589; x_wconf 83' lang='lat' dir='ltr'>Et</span> <span class='ocrx_word' id='word_1_18' title='bbox 193 550 330 608; x_wconf 89' lang='lat' dir='ltr'>magnum</span> <span class='ocrx_word' id='word_1_19' title='bbox 342 529 406 588; x_wconf 86' lang='lat' dir='ltr'>falsi</span> <span class='ocrx_word' id='word_1_20' title='bbox 418 530 548 607; x_wconf 90' lang='lat' dir='ltr'>implevit</span> <span class='ocrx_word' id='word_1_21' title='bbox 561 531 699 607; x_wconf 72' lang='lat' dir='ltr'>genitoris</span> <span class='ocrx_word' id='word_1_22' title='bbox 712 551 848 605; x_wconf 91' lang='lat' dir='ltr'>amorem,</span> 
     </span>
    </p>

    <p class='ocr_par' dir='ltr' id='par_1_5' title="bbox 136 609 882 688">
     <span class='ocr_line' id='line_1_5' title="bbox 136 609 882 688; baseline 0.004 -20"><span class='ocrx_word' id='word_1_23' title='bbox 136 609 281 688; x_wconf 82' lang='lat' dir='ltr'>Reginam</span> <span class='ocrx_word' id='word_1_24' title='bbox 293 609 376 687; x_wconf 85' lang='lat' dir='ltr'>petit.</span> <span class='ocrx_word' id='word_1_25' title='bbox 418 610 491 668; x_wconf 90' lang='lat' dir='ltr'>Haeo</span> <span class='ocrx_word' id='word_1_26' title='bbox 504 611 600 681; x_wconf 87' lang='lat' dir='ltr'>oculis,</span> <span class='ocrx_word' id='word_1_27' title='bbox 613 611 674 668; x_wconf 88' lang='lat' dir='ltr'>haeo</span> <span class='ocrx_word' id='word_1_28' title='bbox 687 615 801 688; x_wconf 86' lang='lat' dir='ltr'>pectore</span> <span class='ocrx_word' id='word_1_29' title='bbox 817 615 882 671; x_wconf 88' lang='lat' dir='ltr'>toto</span> 
     </span>
    </p>

    <p class='ocr_par' dir='ltr' id='par_1_6' title="bbox 136 689 895 767">
     <span class='ocr_line' id='line_1_6' title="bbox 136 689 895 767; baseline 0.005 -19"><span class='ocrx_word' id='word_1_30' title='bbox 136 689 257 761; x_wconf 82' lang='lat' dir='ltr'>Haeret3</span> <span class='ocrx_word' id='word_1_31' title='bbox 277 694 307 748; x_wconf 97' lang='lat' dir='ltr'>et</span> <span class='ocrx_word' id='word_1_32' title='bbox 319 689 465 748; x_wconf 91' lang='lat' dir='ltr'>interdum</span> <span class='ocrx_word' id='word_1_33' title='bbox 478 690 586 767; x_wconf 88' lang='lat' dir='ltr'>gremio</span> <span class='ocrx_word' id='word_1_34' title='bbox 599 691 694 762; x_wconf 86' lang='lat' dir='ltr'>fovet;</span> <span class='ocrx_word' id='word_1_35' title='bbox 714 691 804 750; x_wconf 86' lang='lat' dir='ltr'>inscia</span> <span class='ocrx_word' id='word_1_36' title='bbox 816 692 895 752; x_wconf 92' lang='lat' dir='ltr'>Dido</span> 
     </span>
    </p>

    <p class='ocr_par' dir='ltr' id='par_1_7' title="bbox 136 768 878 847">
     <span class='ocr_line' id='line_1_7' title="bbox 136 768 878 847; baseline 0.005 -20"><span class='ocrx_word' id='word_1_37' title='bbox 136 768 251 828; x_wconf 89' lang='lat' dir='ltr'>Insidat</span> <span class='ocrx_word' id='word_1_38' title='bbox 264 772 388 847; x_wconf 88' lang='lat' dir='ltr'>quantus</span> <span class='ocrx_word' id='word_1_39' title='bbox 402 770 512 828; x_wconf 86' lang='lat' dir='ltr'>miserae</span> <span class='ocrx_word' id='word_1_40' title='bbox 525 770 609 828; x_wconf 88' lang='lat' dir='ltr'>deus!</span> <span class='ocrx_word' id='word_1_41' title='bbox 649 771 693 828; x_wconf 85' lang='lat' dir='ltr'>At</span> <span class='ocrx_word' id='word_1_42' title='bbox 706 791 816 830; x_wconf 90' lang='lat' dir='ltr'>memor</span> <span class='ocrx_word' id='word_1_43' title='bbox 829 772 878 831; x_wconf 92' lang='lat' dir='ltr'>ille</span> 
     </span>
    </p>

    <p class='ocr_par' dir='ltr' id='par_1_8' title="bbox 136 848 839 928">
     <span class='ocr_line' id='line_1_8' title="bbox 136 848 839 928; baseline 0.001 -20"><span class='ocrx_word' id='word_1_44' title='bbox 136 849 243 908; x_wconf 88' lang='lat' dir='ltr'>Matris</span> <span class='ocrx_word' id='word_1_45' title='bbox 256 848 393 907; x_wconf 85' lang='lat' dir='ltr'>Acidaliae</span> <span class='ocrx_word' id='word_1_46' title='bbox 406 849 545 925; x_wconf 89' lang='lat' dir='ltr'>paulatim</span> <span class='ocrx_word' id='word_1_47' title='bbox 559 850 669 908; x_wconf 89' lang='lat' dir='ltr'>abolere</span> <span class='ocrx_word' id='word_1_48' title='bbox 683 849 839 928; x_wconf 83' lang='lat' dir='ltr'>Syohaeum</span> 
     </span>
    </p>

    <p class='ocr_par' dir='ltr' id='par_1_9' title="bbox 137 927 775 1006">
     <span class='ocr_line' id='line_1_9' title="bbox 137 927 775 1006; baseline 0.003 -20"><span class='ocrx_word' id='word_1_49' title='bbox 137 928 253 1006; x_wconf 89' lang='lat' dir='ltr'>Incipit,</span> <span class='ocrx_word' id='word_1_50' title='bbox 267 931 297 987; x_wconf 89' lang='lat' dir='ltr'>et</span> <span class='ocrx_word' id='word_1_51' title='bbox 309 927 375 986; x_wconf 81' lang='lat' dir='ltr'>rivo</span> <span class='ocrx_word' id='word_1_52' title='bbox 388 932 484 987; x_wconf 88' lang='lat' dir='ltr'>tentat</span> <span class='ocrx_word' id='word_1_53' title='bbox 497 933 667 1005; x_wconf 70' lang='lat' dir='ltr'>praevertere</span> <span class='ocrx_word' id='word_1_54' title='bbox 681 949 775 989; x_wconf 88' lang='lat' dir='ltr'>amore</span> 
     </span>
    </p>

    <p class='ocr_par' dir='ltr' id='par_1_10' title="bbox 137 1008 959 1166">
     <span class='ocr_line' id='line_1_10' title="bbox 137 1008 858 1086; baseline 0.004 -20"><span class='ocrx_word' id='word_1_55' title='bbox 137 1008 159 1066; x_wconf 92' lang='lat' dir='ltr'><strong>J</strong></span> <span class='ocrx_word' id='word_1_56' title='bbox 159 1029 206 1067; x_wconf 85' lang='lat' dir='ltr'>am</span> <span class='ocrx_word' id='word_1_57' title='bbox 218 1009 328 1086; x_wconf 82' lang='lat' dir='ltr'>pridem</span> <span class='ocrx_word' id='word_1_58' title='bbox 340 1008 444 1067; x_wconf 84' lang='lat' dir='ltr'>resides</span> <span class='ocrx_word' id='word_1_59' title='bbox 458 1008 567 1067; x_wconf 86' lang='lat' dir='ltr'>animos</span> <span class='ocrx_word' id='word_1_60' title='bbox 581 1009 751 1086; x_wconf 69' lang='lat' dir='ltr'>desuetaque</span> <span class='ocrx_word' id='word_1_61' title='bbox 765 1011 858 1069; x_wconf 88' lang='lat' dir='ltr'>corda.</span> 
     </span>
     <span class='ocr_line' id='line_1_11' title="bbox 176 1088 959 1166; baseline 0.003 -19"><span class='ocrx_word' id='word_1_62' title='bbox 176 1088 335 1166; x_wconf 86' lang='lat' dir='ltr'>Postquam</span> <span class='ocrx_word' id='word_1_63' title='bbox 347 1088 439 1165; x_wconf 89' lang='lat' dir='ltr'>prima</span> <span class='ocrx_word' id='word_1_64' title='bbox 452 1089 531 1165; x_wconf 91' lang='lat' dir='ltr'>quies</span> <span class='ocrx_word' id='word_1_65' title='bbox 544 1089 642 1165; x_wconf 91' lang='lat' dir='ltr'>epulis,</span> <span class='ocrx_word' id='word_1_66' title='bbox 658 1109 818 1166; x_wconf 85' lang='lat' dir='ltr'>mensaeque</span> <span class='ocrx_word' id='word_1_67' title='bbox 830 1095 959 1163; x_wconf 83' lang='lat' dir='ltr'>remotae,</span> 
     </span>
    </p>

    <p class='ocr_par' dir='ltr' id='par_1_11' title="bbox 137 1167 838 1246">
     <span class='ocr_line' id='line_1_12' title="bbox 137 1167 838 1246; baseline 0.004 -20"><span class='ocrx_word' id='word_1_68' title='bbox 137 1167 268 1227; x_wconf 79' lang='lat' dir='ltr'>Crateras</span> <span class='ocrx_word' id='word_1_69' title='bbox 280 1188 400 1246; x_wconf 85' lang='lat' dir='ltr'>magnos</span> <span class='ocrx_word' id='word_1_70' title='bbox 414 1170 556 1240; x_wconf 88' lang='lat' dir='ltr'>statuunt,</span> <span class='ocrx_word' id='word_1_71' title='bbox 570 1171 600 1226; x_wconf 91' lang='lat' dir='ltr'>et</span> <span class='ocrx_word' id='word_1_72' title='bbox 613 1169 680 1226; x_wconf 90' lang='lat' dir='ltr'>vina</span> <span class='ocrx_word' id='word_1_73' title='bbox 692 1174 838 1229; x_wconf 89' lang='lat' dir='ltr'>coronant.</span> 
     </span>
    </p>

    <p class='ocr_par' dir='ltr' id='par_1_12' title="bbox 136 1248 927 1325">
     <span class='ocr_line' id='line_1_13' title="bbox 136 1248 927 1325; baseline 0.005 -19"><span class='ocrx_word' id='word_1_74' title='bbox 136 1248 188 1306; x_wconf 82' lang='lat' dir='ltr'>Fit</span> <span class='ocrx_word' id='word_1_75' title='bbox 202 1248 338 1325; x_wconf 87' lang='lat' dir='ltr'>strepitus</span> <span class='ocrx_word' id='word_1_76' title='bbox 351 1248 445 1319; x_wconf 89' lang='lat' dir='ltr'>tectis,</span> <span class='ocrx_word' id='word_1_77' title='bbox 458 1268 612 1324; x_wconf 89' lang='lat' dir='ltr'>vocemque</span> <span class='ocrx_word' id='word_1_78' title='bbox 624 1268 675 1324; x_wconf 93' lang='lat' dir='ltr'>per</span> <span class='ocrx_word' id='word_1_79' title='bbox 687 1250 782 1324; x_wconf 89' lang='lat' dir='ltr'>ampla</span> <span class='ocrx_word' id='word_1_80' title='bbox 793 1251 927 1309; x_wconf 88' lang='lat' dir='ltr'>volutant</span> 
     </span>
    </p>

    <p class='ocr_par' dir='ltr' id='par_1_13' title="bbox 136 1327 824 1404">
     <span class='ocr_line' id='line_1_14' title="bbox 136 1327 824 1404; baseline 0.003 -18"><span class='ocrx_word' id='word_1_81' title='bbox 136 1327 238 1400; x_wconf 83' lang='lat' dir='ltr'>Atria3</span> <span class='ocrx_word' id='word_1_82' title='bbox 259 1328 418 1404; x_wconf 88' lang='lat' dir='ltr'>dependent</span> <span class='ocrx_word' id='word_1_83' title='bbox 431 1328 530 1404; x_wconf 86' lang='lat' dir='ltr'>lychni</span> <span class='ocrx_word' id='word_1_84' title='bbox 542 1328 720 1404; x_wconf 80' lang='lat' dir='ltr'>laquearibus</span> <span class='ocrx_word' id='word_1_85' title='bbox 733 1330 824 1388; x_wconf 88' lang='lat' dir='ltr'>aureis</span> 
     </span>
    </p>

    <p class='ocr_par' dir='ltr' id='par_1_14' title="bbox 136 1407 826 1480">
     <span class='ocr_line' id='line_1_15' title="bbox 136 1407 826 1480; baseline 0.003 -15"><span class='ocrx_word' id='word_1_86' title='bbox 136 1407 259 1480; x_wconf 82' lang='lat' dir='ltr'>Incensi,</span> <span class='ocrx_word' id='word_1_87' title='bbox 273 1411 303 1466; x_wconf 89' lang='grc'>91</span> <span class='ocrx_word' id='word_1_88' title='bbox 316 1410 430 1466; x_wconf 89' lang='lat' dir='ltr'>noctem</span> <span class='ocrx_word' id='word_1_89' title='bbox 443 1407 565 1465; x_wconf 88' lang='lat' dir='ltr'>flammis</span> <span class='ocrx_word' id='word_1_90' title='bbox 578 1408 685 1465; x_wconf 87' lang='lat' dir='ltr'>funalia</span> <span class='ocrx_word' id='word_1_91' title='bbox 696 1408 826 1467; x_wconf 91' lang='lat' dir='ltr'>vincunt.</span> 
     </span>
    </p>

    <p class='ocr_par' dir='ltr' id='par_1_15' title="bbox 136 1487 848 1565">
     <span class='ocr_line' id='line_1_16' title="bbox 136 1487 848 1565; baseline 0.003 -20"><span class='ocrx_word' id='word_1_92' title='bbox 136 1487 196 1547; x_wconf 90' lang='lat' dir='ltr'>Hic</span> <span class='ocrx_word' id='word_1_93' title='bbox 209 1487 307 1565; x_wconf 90' lang='lat' dir='ltr'>regina</span> <span class='ocrx_word' id='word_1_94' title='bbox 319 1507 434 1564; x_wconf 88' lang='lat' dir='ltr'>gravem</span> <span class='ocrx_word' id='word_1_95' title='bbox 448 1487 569 1564; x_wconf 88' lang='lat' dir='ltr'>gemmis</span> <span class='ocrx_word' id='word_1_96' title='bbox 582 1507 705 1565; x_wconf 88' lang='lat' dir='ltr'>auroque</span> <span class='ocrx_word' id='word_1_97' title='bbox 718 1489 848 1565; x_wconf 85' lang='lat' dir='ltr'>poposcit</span> 
     </span>
    </p>

    <p class='ocr_par' dir='ltr' id='par_1_16' title="bbox 136 1567 931 1644">
     <span class='ocr_line' id='line_1_17' title="bbox 136 1567 931 1644; baseline 0 -18"><span class='ocrx_word' id='word_1_98' title='bbox 136 1567 327 1644; x_wconf 84' lang='lat' dir='ltr'>Implevitque</span> <span class='ocrx_word' id='word_1_99' title='bbox 340 1587 418 1626; x_wconf 91' lang='lat' dir='ltr'>mero</span> <span class='ocrx_word' id='word_1_100' title='bbox 431 1570 567 1644; x_wconf 90' lang='lat' dir='ltr'>pateram,</span> <span class='ocrx_word' id='word_1_101' title='bbox 578 1587 664 1644; x_wconf 92' lang='lat' dir='ltr'>quam</span> <span class='ocrx_word' id='word_1_102' title='bbox 678 1567 774 1640; x_wconf 90' lang='lat' dir='ltr'>Belus,</span> <span class='ocrx_word' id='word_1_103' title='bbox 789 1572 820 1627; x_wconf 92' lang='lat' dir='ltr'>et</span> <span class='ocrx_word' id='word_1_104' title='bbox 833 1588 931 1627; x_wconf 89' lang='lat' dir='ltr'>omnes</span> 
     </span>
    </p>

    <p class='ocr_par' dir='ltr' id='par_1_17' title="bbox 136 1647 773 1719">
     <span class='ocr_line' id='line_1_18' title="bbox 136 1647 773 1719; baseline 0.002 -14"><span class='ocrx_word' id='word_1_105' title='bbox 136 1648 164 1705; x_wconf 83' lang='lat' dir='ltr'>A</span> <span class='ocrx_word' id='word_1_106' title='bbox 178 1647 250 1707; x_wconf 92' lang='lat' dir='ltr'>Belo</span> <span class='ocrx_word' id='word_1_107' title='bbox 263 1647 357 1719; x_wconf 81' lang='lat' dir='ltr'>soliti3</span> <span class='ocrx_word' id='word_1_108' title='bbox 377 1650 443 1704; x_wconf 90' lang='lat' dir='ltr'>tum</span> <span class='ocrx_word' id='word_1_109' title='bbox 456 1648 532 1704; x_wconf 89' lang='lat' dir='ltr'>facta</span> <span class='ocrx_word' id='word_1_110' title='bbox 545 1647 658 1704; x_wconf 86' lang='lat' dir='ltr'>silentia</span> <span class='ocrx_word' id='word_1_111' title='bbox 670 1648 773 1706; x_wconf 89' lang='lat' dir='ltr'>tectis:</span> 
     </span>
    </p>

    <p class='ocr_par' dir='ltr' id='par_1_18' title="bbox 137 1726 918 1805">
     <span class='ocr_line' id='line_1_19' title="bbox 137 1726 918 1805; baseline 0.003 -21"><span class='ocrx_word' id='word_1_112' title='bbox 137 1732 153 1758; x_wconf 91' lang='lat'><strong>“</strong></span> <span class='ocrx_word' id='word_1_113' title='bbox 164 1726 289 1805; x_wconf 86' lang='lat' dir='ltr'>Jupiter,</span> <span class='ocrx_word' id='word_1_114' title='bbox 302 1727 462 1804; x_wconf 75' lang='lat' dir='ltr'>hospitibus</span> <span class='ocrx_word' id='word_1_115' title='bbox 475 1747 542 1784; x_wconf 92' lang='lat' dir='ltr'>nam</span> <span class='ocrx_word' id='word_1_116' title='bbox 555 1730 586 1784; x_wconf 89' lang='lat' dir='ltr'>te</span> <span class='ocrx_word' id='word_1_117' title='bbox 600 1727 665 1784; x_wconf 91' lang='lat' dir='ltr'>dare</span> <span class='ocrx_word' id='word_1_118' title='bbox 674 1727 740 1804; x_wconf 89' lang='lat' dir='ltr'>jura</span> <span class='ocrx_word' id='word_1_119' title='bbox 752 1728 918 1805; x_wconf 89' lang='lat' dir='ltr'>loquuntur,</span> 
     </span>
    </p>

    <p class='ocr_par' dir='ltr' id='par_1_19' title="bbox 136 1806 891 1885">
     <span class='ocr_line' id='line_1_20' title="bbox 136 1806 891 1885; baseline 0.003 -21"><span class='ocrx_word' id='word_1_120' title='bbox 136 1807 225 1866; x_wconf 92' lang='lat' dir='ltr'>Hunc</span> <span class='ocrx_word' id='word_1_121' title='bbox 238 1807 338 1864; x_wconf 88' lang='lat' dir='ltr'>laetum</span> <span class='ocrx_word' id='word_1_122' title='bbox 351 1806 501 1885; x_wconf 85' lang='lat' dir='ltr'>Tyriisque</span> <span class='ocrx_word' id='word_1_123' title='bbox 515 1807 591 1864; x_wconf 89' lang='lat' dir='ltr'>diem</span> <span class='ocrx_word' id='word_1_124' title='bbox 604 1806 743 1884; x_wconf 88' lang='lat' dir='ltr'>Trojaque</span> <span class='ocrx_word' id='word_1_125' title='bbox 756 1809 891 1884; x_wconf 83' lang='lat' dir='ltr'>profectis</span> 
     </span>
    </p>

    <p class='ocr_par' dir='ltr' id='par_1_20' title="bbox 135 1886 897 1963">
     <span class='ocr_line' id='line_1_21' title="bbox 135 1886 897 1963; baseline -0.001 -17"><span class='ocrx_word' id='word_1_126' title='bbox 135 1887 208 1946; x_wconf 86' lang='lat' dir='ltr'>Esse</span> <span class='ocrx_word' id='word_1_127' title='bbox 220 1887 299 1957; x_wconf 90' lang='lat' dir='ltr'>velis,</span> <span class='ocrx_word' id='word_1_128' title='bbox 312 1890 480 1963; x_wconf 89' lang='lat' dir='ltr'>nostrosque</span> <span class='ocrx_word' id='word_1_129' title='bbox 493 1886 578 1963; x_wconf 88' lang='lat' dir='ltr'>hujus</span> <span class='ocrx_word' id='word_1_130' title='bbox 590 1887 752 1944; x_wconf 85' lang='lat' dir='ltr'>meminisse</span> <span class='ocrx_word' id='word_1_131' title='bbox 765 1888 897 1946; x_wconf 90' lang='lat' dir='ltr'>minores.</span> 
     </span>
    </p>

    <p class='ocr_par' dir='ltr' id='par_1_21' title="bbox 136 1966 829 2036">
     <span class='ocr_line' id='line_1_22' title="bbox 136 1966 829 2036; baseline 0 -12"><span class='ocrx_word' id='word_1_132' title='bbox 136 1967 224 2025; x_wconf 86' lang='lat' dir='ltr'>Adsit</span> <span class='ocrx_word' id='word_1_133' title='bbox 236 1967 346 2024; x_wconf 86' lang='lat' dir='ltr'>laetitiae</span> <span class='ocrx_word' id='word_1_134' title='bbox 361 1966 491 2024; x_wconf 84' lang='lat' dir='ltr'>Bacchus</span> <span class='ocrx_word' id='word_1_135' title='bbox 505 1966 596 2036; x_wconf 84' lang='lat' dir='ltr'>dator,</span> <span class='ocrx_word' id='word_1_136' title='bbox 610 1969 639 2024; x_wconf 89' lang='lat' dir='ltr'>et</span> <span class='ocrx_word' id='word_1_137' title='bbox 652 1967 728 2024; x_wconf 89' lang='lat' dir='ltr'>bona</span> <span class='ocrx_word' id='word_1_138' title='bbox 741 1966 762 2022; x_wconf 86' lang='lat' dir='ltr'><strong>J</strong></span> <span class='ocrx_word' id='word_1_139' title='bbox 762 1987 829 2025; x_wconf 88' lang='lat' dir='ltr'>uno.</span> 
     </span>
    </p>

    <p class='ocr_par' dir='ltr' id='par_1_22' title="bbox 136 2045 846 2124">
     <span class='ocr_line' id='line_1_23' title="bbox 136 2045 846 2124; baseline 0 -20"><span class='ocrx_word' id='word_1_140' title='bbox 136 2046 178 2104; x_wconf 83' lang='lat' dir='ltr'>Et</span> <span class='ocrx_word' id='word_1_141' title='bbox 191 2067 251 2118; x_wconf 88' lang='lat' dir='ltr'>vos,</span> <span class='ocrx_word' id='word_1_142' title='bbox 265 2067 290 2118; x_wconf 93' lang='lat' dir='ltr'>o,</span> <span class='ocrx_word' id='word_1_143' title='bbox 305 2049 420 2117; x_wconf 90' lang='lat' dir='ltr'>ooetum,</span> <span class='ocrx_word' id='word_1_144' title='bbox 434 2045 523 2124; x_wconf 89' lang='lat' dir='ltr'>Tyrii,</span> <span class='ocrx_word' id='word_1_145' title='bbox 537 2046 675 2104; x_wconf 86' lang='lat' dir='ltr'>celebrate</span> <span class='ocrx_word' id='word_1_146' title='bbox 689 2046 846 2104; x_wconf 86' lang='lat' dir='ltr'>faventes.’&#39;</span> 
     </span>
    </p>

    <p class='ocr_par' dir='ltr' id='par_1_23' title="bbox 135 2125 858 2198">
     <span class='ocr_line' id='line_1_24' title="bbox 135 2125 858 2198; baseline -0.001 -14"><span class='ocrx_word' id='word_1_147' title='bbox 135 2126 228 2198; x_wconf 83' lang='lat' dir='ltr'>Dixit,</span> <span class='ocrx_word' id='word_1_148' title='bbox 242 2130 271 2184; x_wconf 92' lang='lat' dir='ltr'>et</span> <span class='ocrx_word' id='word_1_149' title='bbox 284 2126 315 2183; x_wconf 90' lang='lat' dir='ltr'>in</span> <span class='ocrx_word' id='word_1_150' title='bbox 328 2146 455 2184; x_wconf 90' lang='lat' dir='ltr'>mensam</span> <span class='ocrx_word' id='word_1_151' title='bbox 467 2126 586 2183; x_wconf 86' lang='lat' dir='ltr'>laticum</span> <span class='ocrx_word' id='word_1_152' title='bbox 598 2125 699 2184; x_wconf 85' lang='lat' dir='ltr'>libavit</span> <span class='ocrx_word' id='word_1_153' title='bbox 711 2127 858 2198; x_wconf 88' lang='lat' dir='ltr'>honorem,</span> 
     </span>
    </p>

    <p class='ocr_par' dir='ltr' id='par_1_24' title="bbox 135 2205 825 2283">
     <span class='ocr_line' id='line_1_25' title="bbox 135 2205 825 2283; baseline 0 -19"><span class='ocrx_word' id='word_1_154' title='bbox 135 2205 296 2283; x_wconf 89' lang='lat' dir='ltr'>Primaque,</span> <span class='ocrx_word' id='word_1_155' title='bbox 310 2205 408 2277; x_wconf 89' lang='lat' dir='ltr'>libato,</span> <span class='ocrx_word' id='word_1_156' title='bbox 422 2225 533 2263; x_wconf 92' lang='lat' dir='ltr'>summo</span> <span class='ocrx_word' id='word_1_157' title='bbox 547 2209 631 2263; x_wconf 90' lang='lat' dir='ltr'>tenus</span> <span class='ocrx_word' id='word_1_158' title='bbox 646 2206 747 2282; x_wconf 85' lang='lat' dir='ltr'>attigit</span> <span class='ocrx_word' id='word_1_159' title='bbox 761 2225 825 2277; x_wconf 89' lang='lat' dir='ltr'>ore;</span> 
     </span>
    </p>

    <p class='ocr_par' dir='ltr' id='par_1_25' title="bbox 135 2284 916 2362">
     <span class='ocr_line' id='line_1_26' title="bbox 135 2284 916 2362; baseline 0 -19"><span class='ocrx_word' id='word_1_160' title='bbox 135 2285 211 2343; x_wconf 80' lang='lat' dir='ltr'>Tum</span> <span class='ocrx_word' id='word_1_161' title='bbox 224 2285 311 2343; x_wconf 78' lang='lat' dir='ltr'>Bitiae</span> <span class='ocrx_word' id='word_1_162' title='bbox 324 2285 403 2343; x_wconf 90' lang='lat' dir='ltr'>dedit</span> <span class='ocrx_word' id='word_1_163' title='bbox 415 2284 603 2361; x_wconf 76' lang='lat' dir='ltr'>increpitans:</span> <span class='ocrx_word' id='word_1_164' title='bbox 624 2285 671 2344; x_wconf 93' lang='lat' dir='ltr'>ille</span> <span class='ocrx_word' id='word_1_165' title='bbox 684 2286 806 2362; x_wconf 89' lang='lat' dir='ltr'>impiger</span> <span class='ocrx_word' id='word_1_166' title='bbox 818 2286 916 2344; x_wconf 84' lang='lat' dir='ltr'>hausit</span> 
     </span>
    </p>

    <p class='ocr_par' dir='ltr' id='par_1_26' title="bbox 135 2364 876 2442">
     <span class='ocr_line' id='line_1_27' title="bbox 135 2364 876 2442; baseline 0.001 -20"><span class='ocrx_word' id='word_1_167' title='bbox 135 2364 324 2442; x_wconf 84' lang='lat' dir='ltr'>Spumantem</span> <span class='ocrx_word' id='word_1_168' title='bbox 336 2368 472 2440; x_wconf 89' lang='lat' dir='ltr'>pateram,</span> <span class='ocrx_word' id='word_1_169' title='bbox 486 2367 517 2423; x_wconf 91' lang='lat' dir='ltr'>et</span> <span class='ocrx_word' id='word_1_170' title='bbox 530 2365 613 2442; x_wconf 90' lang='lat' dir='ltr'>pleno</span> <span class='ocrx_word' id='word_1_171' title='bbox 627 2385 656 2422; x_wconf 87' lang='lat' dir='ltr'>se</span> <span class='ocrx_word' id='word_1_172' title='bbox 669 2365 776 2441; x_wconf 89' lang='lat' dir='ltr'>proluit</span> <span class='ocrx_word' id='word_1_173' title='bbox 790 2386 858 2423; x_wconf 89' lang='lat' dir='ltr'>auro</span> <span class='ocrx_word' id='word_1_174' title='bbox 869 2391 876 2438; x_wconf 92' lang='lat'>;</span> 
     </span>
    </p>

    <p class='ocr_par' dir='ltr' id='par_1_27' title="bbox 135 2443 805 2522">
     <span class='ocr_line' id='line_1_28' title="bbox 135 2443 805 2522; baseline -0.001 -19"><span class='ocrx_word' id='word_1_175' title='bbox 135 2445 207 2503; x_wconf 88' lang='lat' dir='ltr'>Post</span> <span class='ocrx_word' id='word_1_176' title='bbox 221 2445 269 2503; x_wconf 86' lang='lat' dir='ltr'>alii</span> <span class='ocrx_word' id='word_1_177' title='bbox 280 2464 416 2522; x_wconf 90' lang='lat' dir='ltr'>proceres.</span> <span class='ocrx_word' id='word_1_178' title='bbox 457 2443 575 2502; x_wconf 77' lang='lat' dir='ltr'>Cithara</span> <span class='ocrx_word' id='word_1_179' title='bbox 588 2445 707 2502; x_wconf 87' lang='lat' dir='ltr'>crinitus</span> <span class='ocrx_word' id='word_1_180' title='bbox 721 2445 805 2522; x_wconf 89' lang='lat' dir='ltr'>Iopas</span> 
     </span>
    </p>

    <p class='ocr_par' dir='ltr' id='par_1_28' title="bbox 135 2524 843 2601">
     <span class='ocr_line' id='line_1_29' title="bbox 135 2524 843 2601; baseline -0.003 -18"><span class='ocrx_word' id='word_1_181' title='bbox 135 2524 276 2583; x_wconf 87' lang='lat' dir='ltr'>Personat</span> <span class='ocrx_word' id='word_1_182' title='bbox 289 2527 396 2595; x_wconf 89' lang='lat' dir='ltr'>aurata,</span> <span class='ocrx_word' id='word_1_183' title='bbox 411 2524 508 2582; x_wconf 83' lang='lat' dir='ltr'>docuit</span> <span class='ocrx_word' id='word_1_184' title='bbox 522 2544 584 2601; x_wconf 85' lang='lat' dir='ltr'>quae</span> <span class='ocrx_word' id='word_1_185' title='bbox 597 2525 737 2582; x_wconf 81' lang='lat' dir='ltr'>maximus</span> <span class='ocrx_word' id='word_1_186' title='bbox 750 2525 843 2582; x_wconf 88' lang='lat' dir='ltr'>Atlas.</span> 
     </span>
    </p>

    <p class='ocr_par' dir='ltr' id='par_1_29' title="bbox 135 2603 824 2680">
     <span class='ocr_line' id='line_1_30' title="bbox 135 2603 824 2680; baseline 0 -19"><span class='ocrx_word' id='word_1_187' title='bbox 135 2603 195 2662; x_wconf 90' lang='lat' dir='ltr'>Hic</span> <span class='ocrx_word' id='word_1_188' title='bbox 209 2605 286 2663; x_wconf 86' lang='lat' dir='ltr'>canit</span> <span class='ocrx_word' id='word_1_189' title='bbox 300 2608 441 2662; x_wconf 88' lang='lat' dir='ltr'>errantem</span> <span class='ocrx_word' id='word_1_190' title='bbox 454 2604 550 2661; x_wconf 92' lang='lat' dir='ltr'>lunam</span> <span class='ocrx_word' id='word_1_191' title='bbox 565 2604 686 2680; x_wconf 88' lang='lat' dir='ltr'>solisque</span> <span class='ocrx_word' id='word_1_192' title='bbox 699 2605 807 2662; x_wconf 90' lang='lat' dir='ltr'>labores</span> <span class='ocrx_word' id='word_1_193' title='bbox 818 2629 824 2674; x_wconf 93' lang='lat'>;</span> 
     </span>
    </p>

    <p class='ocr_par' dir='ltr' id='par_1_30' title="bbox 134 2683 1001 2762">
     <span class='ocr_line' id='line_1_31' title="bbox 134 2683 1001 2762; baseline -0.002 -19"><span class='ocrx_word' id='word_1_194' title='bbox 134 2683 220 2743; x_wconf 90' lang='lat' dir='ltr'>Unde</span> <span class='ocrx_word' id='word_1_195' title='bbox 232 2684 382 2741; x_wconf 90' lang='lat' dir='ltr'>hominum</span> <span class='ocrx_word' id='word_1_196' title='bbox 395 2704 493 2761; x_wconf 75' lang='lat' dir='ltr'>genua,</span> <span class='ocrx_word' id='word_1_197' title='bbox 508 2687 537 2741; x_wconf 90' lang='lat' dir='ltr'>et</span> <span class='ocrx_word' id='word_1_198' title='bbox 550 2684 670 2760; x_wconf 89' lang='lat' dir='ltr'>pecudes</span> <span class='ocrx_word' id='word_1_199' title='bbox 682 2710 688 2755; x_wconf 81' lang='lat'><em>3</em></span> <span class='ocrx_word' id='word_1_200' title='bbox 709 2685 784 2742; x_wconf 93' lang='lat' dir='ltr'>unde</span> <span class='ocrx_word' id='word_1_201' title='bbox 797 2684 897 2754; x_wconf 84' lang='lat' dir='ltr'>imber,</span> <span class='ocrx_word' id='word_1_202' title='bbox 912 2688 942 2741; x_wconf 89' lang='lat' dir='ltr'>et</span> <span class='ocrx_word' id='word_1_203' title='bbox 955 2684 1001 2762; x_wconf 84' lang='lat' dir='ltr'>ign</span> 
     </span>
    </p>

    <p class='ocr_par' dir='ltr' id='par_1_31' title="bbox 133 2762 968 2841">
     <span class='ocr_line' id='line_1_32' title="bbox 133 2762 968 2841; baseline 0 -19"><span class='ocrx_word' id='word_1_204' title='bbox 133 2767 300 2835; x_wconf 88' lang='lat' dir='ltr'>Arcturum,</span> <span class='ocrx_word' id='word_1_205' title='bbox 314 2764 478 2841; x_wconf 82' lang='lat' dir='ltr'>pluviasque</span> <span class='ocrx_word' id='word_1_206' title='bbox 492 2762 621 2841; x_wconf 87' lang='lat' dir='ltr'>Hyadas,</span> <span class='ocrx_word' id='word_1_207' title='bbox 635 2764 818 2840; x_wconf 88' lang='lat' dir='ltr'>geminosque</span> <span class='ocrx_word' id='word_1_208' title='bbox 832 2764 968 2836; x_wconf 82' lang='lat' dir='ltr'>Triones3</span> 
     </span>
    </p>

    <p class='ocr_par' dir='ltr' id='par_1_32' title="bbox 134 2843 874 2920">
     <span class='ocr_line' id='line_1_33' title="bbox 134 2843 874 2920; baseline -0.001 -19"><span class='ocrx_word' id='word_1_209' title='bbox 134 2843 211 2915; x_wconf 80' lang='lat' dir='ltr'>Quid</span> <span class='ocrx_word' id='word_1_210' title='bbox 223 2847 339 2901; x_wconf 89' lang='lat' dir='ltr'>tantum</span> <span class='ocrx_word' id='word_1_211' title='bbox 352 2864 455 2902; x_wconf 89' lang='lat' dir='ltr'>oceano</span> <span class='ocrx_word' id='word_1_212' title='bbox 469 2847 621 2920; x_wconf 89' lang='lat' dir='ltr'>properent</span> <span class='ocrx_word' id='word_1_213' title='bbox 634 2864 663 2901; x_wconf 89' lang='lat' dir='ltr'>se</span> <span class='ocrx_word' id='word_1_214' title='bbox 676 2844 788 2920; x_wconf 86' lang='lat' dir='ltr'>tingere</span> <span class='ocrx_word' id='word_1_215' title='bbox 802 2843 874 2901; x_wconf 88' lang='lat' dir='ltr'>soles</span> 
     </span>
    </p>

    <p class='ocr_par' dir='ltr' id='par_1_33' title="bbox 133 2923 860 2999">
     <span class='ocr_line' id='line_1_34' title="bbox 133 2923 860 2999; baseline -0.001 -18"><span class='ocrx_word' id='word_1_216' title='bbox 133 2923 266 2995; x_wconf 88' lang='lat' dir='ltr'>Hibemi,</span> <span class='ocrx_word' id='word_1_217' title='bbox 279 2924 326 2981; x_wconf 87' lang='lat' dir='ltr'>vel</span> <span class='ocrx_word' id='word_1_218' title='bbox 339 2944 401 2999; x_wconf 86' lang='lat' dir='ltr'>quae</span> <span class='ocrx_word' id='word_1_219' title='bbox 414 2923 503 2980; x_wconf 87' lang='lat' dir='ltr'>tardis</span> <span class='ocrx_word' id='word_1_220' title='bbox 517 2943 597 2981; x_wconf 89' lang='lat' dir='ltr'>mora</span> <span class='ocrx_word' id='word_1_221' title='bbox 609 2923 741 2981; x_wconf 88' lang='lat' dir='ltr'>noctibus</span> <span class='ocrx_word' id='word_1_222' title='bbox 755 2924 860 2980; x_wconf 86' lang='lat' dir='ltr'>obstet.</span> 
     </span>
    </p>

    <p class='ocr_par' dir='ltr' id='par_1_34' title="bbox 133 3002 874 3080">
     <span class='ocr_line' id='line_1_35' title="bbox 133 3002 874 3080; baseline -0.001 -19"><span class='ocrx_word' id='word_1_223' title='bbox 133 3003 321 3080; x_wconf 88' lang='lat' dir='ltr'>Ingeminant</span> <span class='ocrx_word' id='word_1_224' title='bbox 333 3003 434 3080; x_wconf 90' lang='lat' dir='ltr'>plausu</span> <span class='ocrx_word' id='word_1_225' title='bbox 447 3002 536 3079; x_wconf 89' lang='lat' dir='ltr'>Tyrii,</span> <span class='ocrx_word' id='word_1_226' title='bbox 550 3003 695 3080; x_wconf 75' lang='lat' dir='ltr'>Troesque</span> <span class='ocrx_word' id='word_1_227' title='bbox 709 3005 874 3078; x_wconf 90' lang='lat' dir='ltr'>sequuntur.</span> 
     </span>
    </p>

    <p class='ocr_par' dir='ltr' id='par_1_35' title="bbox 133 3083 817 3142">
     <span class='ocr_line' id='line_1_36' title="bbox 133 3083 817 3142; baseline 0 -2"><span class='ocrx_word' id='word_1_228' title='bbox 133 3083 165 3140; x_wconf 88' lang='lat' dir='ltr'>N</span> <span class='ocrx_word' id='word_1_229' title='bbox 166 3103 197 3142; x_wconf 92' lang='lat' dir='ltr'>ec</span> <span class='ocrx_word' id='word_1_230' title='bbox 210 3104 268 3141; x_wconf 91' lang='lat' dir='ltr'>non</span> <span class='ocrx_word' id='word_1_231' title='bbox 282 3087 311 3141; x_wconf 89' lang='lat' dir='ltr'>et</span> <span class='ocrx_word' id='word_1_232' title='bbox 324 3083 402 3140; x_wconf 88' lang='lat' dir='ltr'>varic</span> <span class='ocrx_word' id='word_1_233' title='bbox 415 3085 530 3140; x_wconf 86' lang='lat' dir='ltr'>noctem</span> <span class='ocrx_word' id='word_1_234' title='bbox 543 3102 670 3140; x_wconf 88' lang='lat' dir='ltr'>sermone</span> <span class='ocrx_word' id='word_1_235' title='bbox 684 3083 817 3140; x_wconf 88' lang='lat' dir='ltr'>trahebat</span> 
     </span>
    </p>

    <p class='ocr_par' dir='ltr' id='par_1_36' title="bbox 133 3162 800 3239">
     <span class='ocr_line' id='line_1_37' title="bbox 133 3162 800 3239; baseline -0.004 -18"><span class='ocrx_word' id='word_1_236' title='bbox 133 3163 239 3221; x_wconf 85' lang='lat' dir='ltr'>Infelix</span> <span class='ocrx_word' id='word_1_237' title='bbox 252 3163 337 3233; x_wconf 92' lang='lat' dir='ltr'>Dido,</span> <span class='ocrx_word' id='word_1_238' title='bbox 351 3162 524 3239; x_wconf 91' lang='lat' dir='ltr'>longumque</span> <span class='ocrx_word' id='word_1_239' title='bbox 538 3162 653 3220; x_wconf 89' lang='lat' dir='ltr'>bibebat</span> <span class='ocrx_word' id='word_1_240' title='bbox 667 3182 800 3232; x_wconf 88' lang='lat' dir='ltr'>amorem,</span> 
     </span>
    </p>

    <p class='ocr_par' dir='ltr' id='par_1_37' title="bbox 134 3241 968 3319">
     <span class='ocr_line' id='line_1_38' title="bbox 134 3241 968 3319; baseline -0.001 -20"><span class='ocrx_word' id='word_1_241' title='bbox 134 3242 232 3301; x_wconf 88' lang='lat' dir='ltr'>Multa</span> <span class='ocrx_word' id='word_1_242' title='bbox 245 3262 328 3319; x_wconf 89' lang='lat' dir='ltr'>super</span> <span class='ocrx_word' id='word_1_243' title='bbox 341 3242 455 3299; x_wconf 91' lang='lat' dir='ltr'>Priamo</span> <span class='ocrx_word' id='word_1_244' title='bbox 469 3242 606 3319; x_wconf 76' lang='lat' dir='ltr'>rogitem,</span> <span class='ocrx_word' id='word_1_245' title='bbox 621 3262 704 3318; x_wconf 88' lang='lat' dir='ltr'>super</span> <span class='ocrx_word' id='word_1_246' title='bbox 718 3242 845 3300; x_wconf 89' lang='lat' dir='ltr'>Hectore</span> <span class='ocrx_word' id='word_1_247' title='bbox 858 3241 968 3312; x_wconf 89' lang='lat' dir='ltr'>multa;</span> 
     </span>
    </p>

    <p class='ocr_par' dir='ltr' id='par_1_38' title="bbox 134 3321 820 3398">
     <span class='ocr_line' id='line_1_39' title="bbox 134 3321 820 3398; baseline -0.006 -17"><span class='ocrx_word' id='word_1_248' title='bbox 134 3321 230 3395; x_wconf 90' lang='lat' dir='ltr'>Nunc,</span> <span class='ocrx_word' id='word_1_249' title='bbox 244 3322 345 3398; x_wconf 89' lang='lat' dir='ltr'>quibus</span> <span class='ocrx_word' id='word_1_250' title='bbox 358 3322 479 3379; x_wconf 88' lang='lat' dir='ltr'>Aurorae</span> <span class='ocrx_word' id='word_1_251' title='bbox 491 3321 616 3379; x_wconf 89' lang='lat' dir='ltr'>venisset</span> <span class='ocrx_word' id='word_1_252' title='bbox 629 3322 704 3379; x_wconf 91' lang='lat' dir='ltr'>filius</span> <span class='ocrx_word' id='word_1_253' title='bbox 718 3321 803 3379; x_wconf 90' lang='lat' dir='ltr'>armis</span> <span class='ocrx_word' id='word_1_254' title='bbox 814 3345 820 3391; x_wconf 84' lang='lat'><em>3</em></span> 
     </span>
    </p>
   </div>
   <div class='ocr_carea' id='block_1_3' title="bbox 133 3399 987 3780">
    <p class='ocr_par' dir='ltr' id='par_1_39' title="bbox 133 3399 987 3780">
     <span class='ocr_line' id='line_1_40' title="bbox 133 3399 987 3478; baseline -0.005 -17"><span class='ocrx_word' id='word_1_255' title='bbox 133 3403 229 3474; x_wconf 88' lang='lat' dir='ltr'>Nunc,</span> <span class='ocrx_word' id='word_1_256' title='bbox 244 3401 339 3478; x_wconf 85' lang='lat' dir='ltr'>quales</span> <span class='ocrx_word' id='word_1_257' title='bbox 352 3401 500 3459; x_wconf 91' lang='lat' dir='ltr'>Diomedis</span> <span class='ocrx_word' id='word_1_258' title='bbox 514 3401 594 3477; x_wconf 70' lang='lat' dir='ltr'>equi,</span> <span class='ocrx_word' id='word_1_259' title='bbox 614 3422 699 3471; x_wconf 88' lang='lat' dir='ltr'>nunc,</span> <span class='ocrx_word' id='word_1_260' title='bbox 714 3404 837 3476; x_wconf 89' lang='lat' dir='ltr'>quantus</span> <span class='ocrx_word' id='word_1_261' title='bbox 850 3399 987 3457; x_wconf 88' lang='lat' dir='ltr'>Achilles.</span> 
     </span>
     <span class='ocr_line' id='line_1_41' title="bbox 135 3480 927 3558; baseline -0.003 -20"><span class='ocrx_word' id='word_1_262' title='bbox 135 3485 151 3512; x_wconf 90' lang='lat'><strong>“</strong></span> <span class='ocrx_word' id='word_1_263' title='bbox 162 3482 258 3540; x_wconf 93' lang='lat' dir='ltr'>Immo</span> <span class='ocrx_word' id='word_1_264' title='bbox 272 3502 333 3558; x_wconf 90' lang='lat' dir='ltr'>age,</span> <span class='ocrx_word' id='word_1_265' title='bbox 348 3484 377 3538; x_wconf 90' lang='lat' dir='ltr'>et</span> <span class='ocrx_word' id='word_1_266' title='bbox 391 3501 408 3538; x_wconf 92' lang='lat' dir='ltr'>a</span> <span class='ocrx_word' id='word_1_267' title='bbox 420 3481 520 3557; x_wconf 88' lang='lat' dir='ltr'>prima,</span> <span class='ocrx_word' id='word_1_268' title='bbox 534 3481 588 3551; x_wconf 89' lang='lat' dir='ltr'>dio,</span> <span class='ocrx_word' id='word_1_269' title='bbox 601 3481 712 3558; x_wconf 82' lang='lat' dir='ltr'>hospes,</span> <span class='ocrx_word' id='word_1_270' title='bbox 724 3480 832 3557; x_wconf 89' lang='lat' dir='ltr'>origine</span> <span class='ocrx_word' id='word_1_271' title='bbox 845 3480 927 3538; x_wconf 89' lang='lat' dir='ltr'>nobis</span> 
     </span>
     <span class='ocr_line' id='line_1_42' title="bbox 133 3560 875 3637; baseline -0.004 -18"><span class='ocrx_word' id='word_1_272' title='bbox 133 3561 286 3633; x_wconf 89' lang='lat' dir='ltr'>Insidias,’&#39;</span> <span class='ocrx_word' id='word_1_273' title='bbox 301 3561 404 3637; x_wconf 92' lang='lat' dir='ltr'>inquit,</span> <span class='ocrx_word' id='word_1_274' title='bbox 419 3565 435 3590; x_wconf 87' lang='lat'><strong><em>“</em></strong></span> <span class='ocrx_word' id='word_1_275' title='bbox 444 3560 586 3631; x_wconf 90' lang='lat' dir='ltr'>Danaum,</span> <span class='ocrx_word' id='word_1_276' title='bbox 601 3581 736 3636; x_wconf 87' lang='lat' dir='ltr'>casusque</span> <span class='ocrx_word' id='word_1_277' title='bbox 749 3565 875 3631; x_wconf 89' lang='lat' dir='ltr'>tuorum,</span> 
     </span>
     <span class='ocr_line' id='line_1_43' title="bbox 133 3639 851 3717; baseline -0.001 -19"><span class='ocrx_word' id='word_1_278' title='bbox 133 3642 308 3716; x_wconf 82' lang='lat' dir='ltr'>Erroresque</span> <span class='ocrx_word' id='word_1_279' title='bbox 321 3645 403 3712; x_wconf 90' lang='lat' dir='ltr'>tuos;</span> <span class='ocrx_word' id='word_1_280' title='bbox 424 3661 491 3698; x_wconf 91' lang='lat' dir='ltr'>nam</span> <span class='ocrx_word' id='word_1_281' title='bbox 504 3643 534 3698; x_wconf 91' lang='lat' dir='ltr'>te</span> <span class='ocrx_word' id='word_1_282' title='bbox 543 3639 606 3716; x_wconf 85' lang='lat' dir='ltr'>jam</span> <span class='ocrx_word' id='word_1_283' title='bbox 619 3641 740 3716; x_wconf 89' lang='lat' dir='ltr'>septima</span> <span class='ocrx_word' id='word_1_284' title='bbox 752 3643 851 3717; x_wconf 89' lang='lat' dir='ltr'>portat</span> 
     </span>
     <span class='ocr_line' id='line_1_44' title="bbox 134 3720 847 3780; baseline -0.004 0"><span class='ocrx_word' id='word_1_285' title='bbox 134 3722 274 3780; x_wconf 90' lang='lat' dir='ltr'>Omnibus</span> <span class='ocrx_word' id='word_1_286' title='bbox 288 3723 430 3780; x_wconf 90' lang='lat' dir='ltr'>errantem</span> <span class='ocrx_word' id='word_1_287' title='bbox 443 3720 527 3778; x_wconf 89' lang='lat' dir='ltr'>terris</span> <span class='ocrx_word' id='word_1_288' title='bbox 541 3723 571 3778; x_wconf 91' lang='lat' dir='ltr'>et</span> <span class='ocrx_word' id='word_1_289' title='bbox 584 3720 718 3778; x_wconf 89' lang='lat' dir='ltr'>fiuctibus</span> <span class='ocrx_word' id='word_1_290' title='bbox 733 3720 847 3778; x_wconf 88' lang='lat' dir='ltr'>aestas.”</span> 
     </span>
    </p>
   </div>
   <div class='ocr_carea' id='block_1_4' title="bbox 0 0 1228 4260">
    <p class='ocr_par' dir='ltr' id='par_1_40' title="bbox 0 0 1228 4260">
     <span class='ocr_line' id='line_1_45' title="bbox 0 0 1228 4260; baseline 0 1"><span class='ocrx_word' id='word_1_291' title='bbox 0 0 1228 4260; x_wconf 95' lang='lat' dir='ltr'> </span> 
     </span>
    </p>
   </div>
  </div>
 </body>
</html>
