2446 4260
142 222 201 282 288
446 237 474 279 r.
487 234 628 277 rrnernrr
641 234 785 277 morus

142 379 233 438 Filius
245 378 313 438 huic
327 377 431 448 Pallas,
444 377 487 436 illi
500 397 593 436 comes
606 377 667 436 ibat
681 377 817 437 Achates.
887 411 890 416 ·

143 458 295 536 Congressi
303 459 433 536 jungunt
446 458 568 529 dextras,
582 458 737 535 mediisque
750 458 881 517 residunt

143 539 273 611 AEdibus,
288 543 317 596 et
331 539 410 597 licito
423 538 540 597 taudem
554 557 682 597 sermone
695 538 840 597 fruuntur.

143 618 207 678 Rex
221 622 297 696 prior
310 619 386 676 haec:

144 703 160 731 “
173 699 300 757 Maxime
314 697 488 756 Teucrorum
501 696 610 767 ductor,
625 717 681 774 quo
694 696 800 774 sospite
813 717 959 776 nunquam

143 779 203 838 Res
217 778 345 855 equidem
360 777 453 855 Trojae
465 777 556 835 victas
570 780 621 835 aut
634 797 722 854 regna
734 777 854 851 fatebor,

143 858 237 918 Nobis
250 858 287 916 ad
299 857 366 916 belli
380 857 516 915 auxilium
528 876 580 934 pro
594 856 708 915 nomine
721 860 805 915 tanto

143 938 266 1015 Exiguae
278 936 361 994 vires.
402 936 481 995 Hinc
494 937 587 994 Tusco
601 936 759 994 claudimur
771 936 857 1008 amni,

142 1018 224 1076 Hinc
238 1016 364 1074 Rutulus
377 1016 490 1092 premit,
504 1020 534 1074 et
546 1036 661 1073 murum
675 1014 865 1074 circumsonat
878 1015 975 1075 armis.

143 1097 200 1156 Sed
212 1096 267 1155 tibi
280 1117 333 1173 ego
346 1096 478 1173 ingentes
491 1095 609 1172 populos
624 1094 814 1172 opulentaque
826 1097 923 1174 reguis

142 1177 165 1234 J
165 1196 271 1254 ungere
284 1179 377 1234 castra
389 1195 473 1252 paro:
494 1195 579 1252 quam
593 1176 650 1232 fors
663 1175 779 1252 inopina
791 1175 914 1234 salutem

144 1256 291 1315 Ostentat.
333 1255 414 1313 Fatis
427 1255 484 1314 huc
498 1259 528 1313 te
541 1254 723 1331 poscentibus
736 1255 827 1314 affers.

142 1335 233 1395 Haud
244 1334 343 1413 procul
355 1335 422 1393 hino
436 1355 503 1393 saxo
515 1335 650 1392 incolitur
662 1335 782 1392 tundata
793 1337 910 1394 vetusto

142 1415 231 1474 Urbis
245 1415 389 1493 Agyllina
401 1415 497 1473 sedes:
518 1414 568 1472 ubi
581 1413 675 1490 Lydia
687 1414 831 1492 quondam

142 1495 230 1568 Gens,
242 1495 317 1554 bello
330 1494 473 1572 preclara,
482 1493 561 1572 jugis
574 1493 679 1552 insedit
693 1493 834 1552 Etruscis.

142 1575 228 1634 Hanc
242 1575 347 1633 multos
361 1574 509 1632 florentem
522 1593 610 1632 annos
623 1593 671 1631 rex
685 1573 787 1632 deinde
800 1573 922 1652 superbo

141 1655 267 1733 Imperio
281 1658 310 1713 et
324 1654 405 1712 saevis
417 1653 514 1712 tenuit
527 1653 689 1712 Mezentius
702 1652 797 1712 armis.

142 1734 218 1807 Quid
231 1754 384 1793 memorem
397 1733 526 1791 infandae
540 1733 643 1791 caedes!
665 1733 733 1810 quid
746 1733 822 1791 facta
834 1733 952 1810 tyranni

142 1814 254 1872 Effera!
294 1813 335 1871 Di
348 1813 435 1889 capiti
447 1813 535 1890 ipsius
548 1812 699 1889 generique
712 1815 871 1871 reservent!

144 1893 268 1952 Mortua·
276 1892 344 1970 quin
357 1892 445 1950 etiam
453 1891 594 1970 jungebat
607 1911 723 1968 corpora
735 1892 816 1964 vivis,

144 1972 322 2050 Componens
336 1972 522 2048 manibusque
534 1991 635 2029 manus
649 1978 735 2048 atque
747 1972 842 2029 oribus
855 1992 913 2046 ora,

143 2052 292 2111 Tormenti
305 2053 409 2129 genus!
430 2055 460 2110 et
473 2051 551 2110 sanie
563 2051 686 2128 taboque
698 2051 819 2110 fluentes

143 2132 300 2208 Complexu
313 2133 343 2188 in
356 2133 458 2190 misero
471 2131 559 2208 longa
570 2131 611 2189 sic
624 2136 717 2189 morte
730 2132 858 2190 necabat.

142 2212 186 2271 At
199 2212 265 2270 fessi
277 2212 393 2269 tandem
407 2211 481 2269 cives
494 2211 610 2268 infanda
623 2210 764 2269 furentem

143 2291 257 2349 Armati
270 2290 483 2349 circumsistunt
495 2291 645 2368 ipsumque
657 2291 846 2367 domumque;

143 2370 324 2429 Obtruncant
337 2370 435 2439 socios
449 2370 546 2447 ignem
559 2371 595 2428 ad
608 2370 723 2447 fastigia
731 2371 852 2448 jactant.

144 2450 199 2508 Ille
212 2451 288 2508 inter
301 2451 392 2508 caedes
407 2449 581 2507 Rutulorum
595 2450 706 2526 elapsus
719 2450 749 2506 in
763 2470 845 2528 agros

143 2529 311 2608 Confugere,
325 2533 355 2587 et
369 2529 459 2587 Turni
473 2529 615 2587 defendier
628 2530 749 2606 hospitis
763 2530 857 2588 armis.

142 2609 222 2687 Ergo
237 2610 328 2668 omnis
341 2610 421 2667 furiis
435 2609 557 2668 surrexit
570 2610 691 2667 Etruria
699 2610 803 2687 justis3

142 2689 253 2766 Regem
267 2690 303 2747 ad
317 2689 486 2766 supplicium
500 2688 633 2766 praesenti
647 2689 744 2747 Marte
754 2692 916 2766 reposcunt.

141 2768 200 2826 His
213 2789 266 2846 ego
280 2774 318 2840 te,
332 2769 431 2840 AEnea
446 2769 593 2827 ductorem
607 2768 730 2825 millibus
745 2769 857 2827 addam.

142 2848 218 2907 Toto
232 2869 353 2925 namque
366 2849 492 2907 fremunt
506 2849 653 2907 condensae
662 2848 746 2906 litore
759 2868 875 2926 puppes,

142 2927 284 3005 Signaque
297 2929 369 2986 ferre
377 2929 498 3006 jubent3
518 2929 624 2986 retinet
637 2927 782 3005 longaevus
796 2930 937 3006 haruspex

141 3006 217 3065 Fata
230 3028 348 3066 canens:
370 3008 395 3066 O
410 3008 541 3066 Maeoniae
554 3008 663 3066 delecta
671 3008 817 3085 juventus,

141 3087 209 3145 Flos
223 3090 352 3144 veterum
366 3088 513 3164 virtusque
526 3087 627 3158 virum,
643 3107 713 3164 quos
722 3088 819 3165 justus
832 3087 864 3145 in
875 3086 990 3146 hostem

141 3167 212 3225 Fert
227 3167 313 3237 dolor,
328 3171 357 3224 et
371 3168 473 3225 merita
486 3167 614 3225 accendit
628 3167 790 3225 Mezentius
803 3168 854 3240 ira,

141 3246 225 3304 Nulli
237 3247 280 3304 fas
294 3247 370 3303 Italo
383 3249 497 3305 tantam
511 3248 680 3325 subjungere
693 3259 826 3324 gentem:

141 3326 284 3384 Externos
298 3329 396 3402 optate
409 3328 502 3385 duces.
544 3328 619 3385 Tum
633 3327 757 3385 Etrusca
770 3326 875 3386 resedit

140 3405 206 3463 Hoc
221 3406 293 3463 acies
307 3426 414 3482 campo,
428 3407 545 3464 monitis
559 3406 695 3464 exterrita
708 3407 814 3465 divum.

140 3485 207 3563 Ipse
221 3489 345 3544 oratores
359 3485 395 3542 ad
408 3505 455 3543 me
468 3487 603 3563 regnique
618 3506 751 3544 coronam

139 3564 214 3622 Oum
227 3569 338 3642 sceptro
352 3565 439 3634 misit,
453 3567 626 3643 mandatque
639 3566 763 3643 insignia
776 3564 917 3636 Tarchon,

140 3643 293 3703 Succedam
308 3645 416 3717 castris,
431 3645 633 3722 Tyrrhenaque
646 3666 735 3722 regna
748 3665 898 3723 capessam

140 3724 195 3782 Sed
209 3725 280 3781 mihi
293 3725 376 3782 tarda
388 3725 454 3802 gelu
467 3724 614 3801 saeclisque
628 3726 713 3783 effeta
726 3730 856 3784 senectus

139 3803 250 3861 Invidit
263 3804 422 3880 imperium,
435 3825 558 3882 seraeque
572 3806 608 3862 ad
622 3805 708 3863 fortia
720 3806 801 3864 vires.

134 3884 169 3945 N
168 3887 252 3946 atum
265 3885 442 3959 exhortarer,
454 3885 488 3944 ni
497 3885 608 3943 uimtus
618 3888 713 3942 matre
722 3885 836 3942 Sahella

128 3967 216 4031 Hinc
231 3973 351 4051 partem
363 3969 470 4049 patriae
481 3965 625 4027 traheret.
658 3963 723 4033 ue,
732 3962 815 4036 cuque
824 3965 857 4016 et
865 3959 950 4014 sama
