2446 4260
476 221 619 266 AEIOEIDOS
632 223 695 265 UB-
708 223 753 266 11.

138 363 197 423 'l'ot
210 363 333 443 Phrygii
345 363 469 424 cecidere
481 364 544 423 riri
586 364 692 424 Procul
705 365 835 444 Ornytus
848 366 935 425 armis

137 444 253 523 Ignotis
266 448 296 503 et
310 464 383 520 equo
396 447 515 503 venator
528 444 638 523 Iapyge
651 446 758 518 fertur;

137 524 192 583 cui
205 524 286 602 pellis
298 525 373 583 latos
386 524 519 584 humeros
532 529 630 603 erepta
637 524 761 603 juvenco

137 604 299 683 Pugnatori
313 603 421 681 operit;
441 607 527 682 caput
540 604 642 682 ingens
655 605 711 663 oris
724 604 821 664 hiatus

136 684 179 742 Et
192 685 273 742 malae
286 688 382 743 texere
394 684 456 762 lupi
468 705 534 744 cum
547 685 681 743 dentibus
695 684 774 758 albis,

136 764 325 842 Agrestisque
338 785 439 823 manus
453 767 545 822 armat
558 784 666 841 sparus.
707 764 775 842 Ipse
788 763 908 823 catervis

136 843 269 902 Vertitur
281 844 312 902 in
325 843 434 915 mediis,
448 847 478 902 et
490 847 555 902 toto
568 844 675 903 vertice
688 864 774 922 snpra
786 847 838 903 est.

136 924 227 982 Hunc
240 923 290 982 illa
302 927 461 1002 exceptum,
474 943 565 1001 neque
579 924 655 982 enim
668 924 748 983 labor
761 924 876 1002 agmine
888 942 977 994 verso,

136 1003 264 1081 Trajicit,
278 1007 308 1062 et
321 1024 405 1080 super
417 1003 479 1061 haec
492 1002 607 1061 inimico
621 1006 734 1080 pectore
747 1004 842 1063 satur:

136 1082 247 1141 “Silvis
260 1089 299 1155 te,
314 1083 469 1160 Tyrrheno,
483 1083 556 1140 feras
569 1083 678 1160 agitare
690 1083 825 1160 putasti?

135 1163 263 1221 Advenit
276 1163 327 1240 qui
339 1166 436 1221 vestra
449 1162 508 1221 dies
521 1162 707 1221 muliebribus
721 1163 807 1221 armis

136 1242 232 1300 Verba
243 1242 429 1320 redarguerit.
469 1242 585 1300 Nomen
598 1245 696 1301 tamen
709 1243 788 1301 haud
801 1243 863 1302 leve
876 1245 990 1320 patrum

136 1321 273 1380 Manibus
286 1323 341 1381 hoc
354 1322 464 1394 referes,
478 1323 536 1380 telo
550 1322 683 1381 cecidisse
697 1321 854 1380 Camillae.”

137 1401 279 1460 Protenus
293 1401 473 1461 Orsilochum
485 1405 515 1460 et
529 1402 635 1475 Buten,
650 1402 706 1460 duo
719 1402 843 1460 maxima
856 1402 997 1460 Teucrum

137 1480 277 1558 Corpora:
298 1481 348 1540 sed
362 1481 459 1539 Buten
472 1502 602 1540 aversum
616 1481 731 1558 cuspide
744 1481 808 1540 fixit

137 1560 268 1620 Loricam
281 1561 446 1639 galeamque
459 1561 542 1634 inter,
556 1582 613 1639 qua
625 1561 698 1620 colla
710 1560 834 1621 sedentis

136 1640 257 1712 Lucent
270 1644 301 1699 et
314 1640 386 1699 laevo
400 1640 539 1718 dependet
551 1661 650 1717 parma
662 1642 785 1713 lace1t03

137 1720 325 1793 Orsilochum,
338 1719 450 1798 fugiens
463 1740 656 1798 magnumque
669 1721 780 1799 agitata
792 1740 844 1797 per
857 1718 963 1788 orbem,

136 1800 238 1858 Eludit
252 1821 323 1878 gyro
336 1800 463 1871 interior,
477 1800 660 1877 sequiturque
673 1803 855 1879 sequentem

136 1878 212 1937 Tum
225 1879 347 1938 validam
360 1899 466 1958 perque
479 1899 558 1938 arma
570 1880 632 1938 viro
645 1900 749 1958 perque
763 1899 826 1938 ossa
839 1877 969 1948 securim,

135 1959 233 2018 Altior
245 1979 407 2037 exsurgens,
420 1959 515 2017 oranti
528 1962 558 2018 et
571 1959 664 2018 multa
675 1959 803 2037 precanti

135 2037 342 2117 Oongeminat:
362 2039 467 2098 vulnus
480 2038 571 2097 calido
583 2038 660 2117 rigat
673 2059 723 2098 ora
734 2040 856 2098 cerebro.

135 2118 245 2176 Incidit
258 2119 333 2191 huie,
345 2119 499 2196 subitoque
512 2122 629 2197 aspectu
641 2119 759 2178 territus
772 2119 857 2178 haesit

135 2198 366 2276 Appenninicolae
378 2199 501 2258 bellator
513 2199 589 2258 filius
602 2199 690 2271 Auni,

136 2277 228 2337 Haud
239 2277 381 2355 Ligurum
393 2282 546 2352 extremus,
559 2280 629 2338 dum
641 2279 737 2338 fallere
750 2279 810 2338 fata
822 2276 962 2336 sinebant.

136 2357 233 2434 Isque,
246 2358 296 2416 ubi
309 2378 338 2417 se
350 2359 430 2417 nullo
439 2359 501 2437 jam
514 2380 599 2419 cursu
612 2361 729 2418 evadere
740 2378 846 2437 pugnae

137 2438 234 2509 Posse,
247 2458 338 2515 neque
350 2438 508 2498 instantem
520 2440 649 2516 reginam
662 2443 788 2498 avertere
801 2436 900 2507 cernit,

135 2516 262 2575 Consilio
273 2537 384 2576 versare
398 2518 477 2576 dolos
490 2518 634 2596 ingressum
648 2522 678 2577 et
692 2521 766 2589 astu,

135 2594 244 2675 Incipit
257 2597 334 2657 hnc:
355 2597 460 2670 “Quid
472 2600 534 2655 tam
548 2598 704 2675 egregium,
717 2598 742 2656 si
754 2596 860 2654 semina
872 2593 941 2653 forti

135 2675 217 2735 Fidis
230 2675 325 2752 equo?
346 2676 460 2736 dimitte
473 2677 581 2754 sugam,
594 2681 625 2736 et
638 2680 669 2735 te
682 2677 809 2735 cominus
822 2693 903 2752 aequo

134 2756 253 2815 Mecum
266 2757 347 2815 crede
360 2757 429 2829 solo,
443 2777 604 2834 pugnaque
617 2756 731 2834 accinge
744 2754 884 2833 pedestri3

134 2836 157 2894 J
158 2857 205 2894 am
217 2856 324 2908 nosces,
336 2839 456 2896 ventosa
468 2838 542 2896 ferat
555 2837 602 2895 cui
615 2837 705 2915 gloria
716 2834 859 2894 laudem.”

135 2915 236 2974 Dixit:
257 2919 287 2974 at
300 2916 350 2975 illa
362 2917 466 2988 furens,
480 2917 593 2994 acrique
606 2936 722 2975 aceensa
734 2915 839 2975 dolore.

134 2995 237 3053 Tradit
250 3015 355 3072 equum
368 2996 475 3071 comiti,
489 2997 658 3075 paribusque
670 2994 779 3055 resistit
792 2995 824 3053 in
836 2992 931 3065 armis,

134 3075 213 3133 Ense
225 3076 310 3152 pedes
322 3076 410 3149 nudo,
423 3072 549 3154 puraque
561 3077 695 3135 interrita
707 3095 813 3154 parma.

134 3155 177 3212 At
186 3155 308 3231 juvenis,
321 3156 422 3215 vicisse
435 3157 500 3216 dolo
512 3159 602 3228 ratus,
615 3156 710 3215 avolat
722 3156 791 3233 ipse,

134 3234 225 3292 Haud
237 3255 325 3308 mora,
339 3237 534 3313 conversisque
546 3237 634 3314 fugax
647 3235 774 3295 aufertur
786 3232 912 3305 habenis,

135 3314 407 3393 Quadrupedemque
420 3315 510 3374 citum
522 3316 629 3375 ferrata
642 3315 716 3375 calce
729 3315 843 3394 fatigat.

134 3392 243 3451 “Vane
257 3394 356 3472 Ligus,
370 3396 531 3472 frustraque
543 3395 646 3454 animis
660 3396 732 3455 elate
745 3392 882 3473 superbis,

133 3471 336 3550 Nequidquam
349 3475 456 3551 patrias
468 3476 590 3534 tentasti
602 3475 727 3534 lubricus
739 3479 816 3534 artes
826 3499 833 3546 3

133 3551 197 3610 Nec
210 3553 286 3611 fraus
299 3556 329 3612 te
342 3554 514 3614 incolumem
525 3555 619 3613 fallaci
631 3555 752 3633 perferet
765 3551 881 3613 Auno.”

134 3631 207 3689 Haec
220 3632 298 3690 fatur
310 3633 400 3711 virgo,
414 3640 444 3694 et
456 3634 616 3713 pernicibus
629 3635 713 3712 ignca
724 3634 832 3713 plantis

134 3710 251 3770 Transit
264 3733 369 3790 equum
382 3735 475 3787 cursu,
488 3714 629 3792 frenisque
642 3714 761 3772 adversa
772 3709 919 3791 prehensis

134 3789 327 3868 congreditur
339 3814 492 3872 poenasque
504 3794 619 3853 inimico
632 3813 667 3852 ex
680 3793 817 3871 sanguine
831 3789 928 3850 sumit.

133 3871 228 3942 Quam
240 3872 322 3931 facile
336 3874 469 3951 accipiter
480 3894 549 3934 saxo
562 3893 640 3933 sacer
653 3873 710 3934 ales
723 3874 760 3934 ab
773 3872 834 3932 alto

131 3949 321 4028 Consequitur
328 3953 433 4032 pennis
445 3954 602 4017 sublimem
615 3956 650 4016 in
660 3957 741 4020 nube
755 3953 939 4024 columbam,

587 4041 654 4104 21³
