2446 4260
492 234 634 277 AENEIDOS
648 234 710 276 LIB.
725 235 782 278 vn.

132 368 279 435 Deserit
292 375 470 454 Hesperiam,
485 378 516 436 et
529 376 593 435 coeli
606 397 731 435 convexa
743 397 794 454 per
807 398 888 436 auras

134 452 310 514 Junonem
322 456 427 515 vicbix
440 456 544 515 affatur
557 476 625 515 voce
639 457 775 535 superba:

133 538 150 563 ‘
158 539 173 568 ‘
181 536 246 607 En,
259 535 386 613 perfecta
398 535 453 594 tibi
466 537 540 595 bello
553 535 694 616 discordia
704 537 801 609 tristi;

133 611 225 687 Dio,
239 615 272 674 in
286 615 442 674 amicitiam
455 618 566 687 coeant,
580 619 610 674 et
624 615 730 674 foedera
738 617 874 695 jungant.

137 694 399 772 Quandoquidem
412 695 540 754 Ausonio
552 696 672 772 respersi
685 696 823 773 sanguine
837 697 970 769 Teucros,

137 772 229 834 Hoc
243 774 331 833 etiam
343 774 389 834 his
403 775 514 846 addam,
526 780 579 833 tua
592 775 615 832 si
629 775 701 833 mihi
714 780 792 834 certa
804 776 953 835 voluntas:

140 853 317 913 Finitimas
329 854 360 913 in
373 854 449 914 belle
460 855 549 913 leram
562 855 723 913 rumoribus
735 856 828 928 urbes,

143 933 380 1011 Accendamque
392 935 501 993 animos
514 934 607 993 insani
620 934 726 992 Martis
739 955 843 1008 amore,

145 1013 299 1091 'Undique
311 1018 346 1072 ut
359 1014 463 1073 auxilio
476 1014 610 1086 veniant3
630 1034 764 1092 spargam
777 1036 856 1074 arma
867 1035 918 1093 per
932 1015 1044 1094 agius.’'

148 1093 239 1152 Tum
253 1097 353 1152 contra
365 1093 387 1152 J
388 1114 462 1154 uno:
484 1099 500 1124 “
510 1094 662 1152 Terrorum
676 1098 706 1153 et
719 1094 826 1153 fraudis
840 1096 951 1155 abunde
964 1103 1017 1154 est.
1059 1116 1066 1124 ·

152 1173 251 1232 Stant
264 1172 332 1233 belli
345 1193 453 1247 causae3
473 1177 619 1252 pugnatur
632 1174 760 1232 cominus
774 1177 876 1235 armis:

154 1253 235 1325 Quae
247 1253 306 1311 fors
318 1253 411 1330 prima
424 1253 512 1326 dedit,
526 1253 641 1331 sanguis
654 1274 745 1312 novus
758 1253 863 1313 imbuit
876 1275 963 1314 erma.

155 1331 245 1391 Talia
257 1333 399 1392 connubia
412 1337 442 1392 et
454 1333 527 1392 tales
541 1333 683 1392 celebrent
696 1333 861 1410 hymenaeos

157 1410 323 1490 Egregium
335 1412 454 1471 Veneris
466 1433 557 1491 genus
571 1416 601 1471 et
614 1433 663 1471 rex
676 1412 736 1490 ipse
750 1413 881 1473 Latinus.

159 1491 205 1551 'l'e
218 1511 304 1570 super
318 1492 448 1551 etheriae
461 1513 553 1552 errare
566 1492 698 1551 licentius
712 1513 794 1551 auras

159 1570 254 1631 Haud
267 1570 355 1631 Pater
367 1572 415 1631 ille
427 1572 506 1643 velit,
520 1572 626 1630 summi
638 1577 773 1649 regnator
787 1572 913 1650 Olympi.

160 1650 239 1711 Cede
250 1651 329 1711 locis
371 1652 446 1729 Ege,
459 1652 485 1710 si
498 1673 554 1728 qua
567 1672 651 1729 super
663 1652 779 1710 fortuna
791 1653 924 1710 laborum
938 1656 992 1724 est,

159 1730 177 1789 I
242 1730 372 1810 regam.''
413 1731 496 1790 Tales
510 1731 626 1790 dederat
640 1731 774 1791 Saturnia
786 1752 878 1791 voces.

160 1809 176 1869 l
231 1814 331 1905 autem
343 1810 453 1870 attollit
466 1810 620 1871 stridentes
635 1811 775 1889 anguibus
788 1811 856 1882 elas,

159 1890 321 2030 iffi
326 1891 527 2030 dimit
538 1891 890 2044 {ltebllbbllffffi‘

161 2050 278 2110 Nobilis
291 2054 321 2111 et
334 2051 411 2110 fama
423 2051 524 2109 multis
536 2054 710 2108 memoratus
722 2051 754 2108 in
767 2051 832 2122 oris,

163 2131 316 2190 Amsancti
327 2131 431 2202 valles3
451 2130 544 2189 densis
557 2130 635 2188 hunc
648 2130 794 2188 frondibus
808 2133 904 2189 atrum

163 2209 260 2289 Urget
271 2211 417 2288 utrimque
429 2211 505 2268 latus
518 2209 651 2281 nemoris,
663 2210 812 2288 medioque
825 2211 954 2289 fragosus

163 2288 226 2349 Dat
239 2290 367 2350 sonitum
381 2289 455 2349 saxis
468 2293 498 2349 et
511 2292 591 2348 torto
604 2289 710 2348 vertice
723 2293 843 2356 torrens.

164 2368 224 2429 Hic
237 2390 336 2448 specus
349 2371 531 2440 horrendum,
545 2369 614 2427 saevi
627 2369 765 2446 spiracula
777 2370 866 2443 Ditis,

164 2448 356 2522 Monstratur,
369 2452 511 2527 ruptoque
523 2449 625 2526 ingens
638 2449 802 2508 Acheronte
815 2471 921 2527 vorago

165 2528 318 2589 Pestiferas
332 2530 423 2607 aperit
435 2531 546 2587 fauces:
567 2529 646 2606 queis
659 2529 775 2586 condita
787 2529 904 2608 Erinys,

166 2608 297 2668 Invisum
309 2629 425 2681 numen,
438 2612 528 2667 terras
543 2609 700 2684 coelumque
713 2608 836 2667 levabat.

199 2690 231 2747 N
233 2710 266 2749 ec
278 2689 375 2747 minus
388 2689 498 2747 interea
510 2691 667 2747 extremam
681 2687 815 2746 Saturnia
827 2687 902 2746 bello

163 2767 293 2847 lmponit
306 2769 407 2847 regina
418 2789 545 2827 manum.
586 2767 660 2825 Ruit
674 2767 766 2825 omnis
779 2767 810 2825 in
823 2769 924 2826 urbem

163 2847 315 2908 Pastorum
329 2869 364 2907 ex
377 2849 436 2907 acie
448 2869 592 2918 numerus,
607 2866 747 2923 caesosque
760 2849 909 2923 reportant

161 2928 315 2988 Almonem
327 2948 448 3006 puerum
461 2927 616 3004 foedatique
630 2946 679 2984 ora
692 2927 812 2998 Galaesi3

161 3007 378 3088 Implorantque
392 3007 467 3078 deos,
482 3009 719 3082 obtestanturque
733 3005 880 3063 Latinum.

160 3085 277 3148 Turnus
291 3088 380 3160 adest,
394 3087 544 3164 medioque
557 3087 588 3143 in
602 3086 719 3144 crimine
733 3086 818 3143 caeds
832 3091 862 3143 et
875 3085 952 3163 ignis

159 3165 311 3230 Terrorem
323 3167 499 3245 ingeminat:
521 3166 645 3224 Teucros
659 3165 690 3223 in
703 3185 791 3242 regna
804 3166 915 3238 vocari3

154 3245 287 3326 Stirpem
300 3247 448 3306 admisceri
462 3246 638 3324 Phrygiam3
659 3265 688 3304 se
701 3244 800 3304 limine
813 3245 888 3321 pelli.

154 3324 245 3398 Tum,
261 3347 383 3405 quorum
396 3327 531 3385 attonitae
546 3325 661 3383 Baccho
674 3345 791 3384 nemora
804 3325 867 3383 avia
880 3328 987 3382 matres

150 3404 310 3468 Insultant
323 3406 434 3478 thiasis,
448 3425 539 3483 neque
553 3405 630 3463 enim
643 3404 705 3463 leve
718 3425 823 3463 nomen
836 3405 961 3476 Amatae,

148 3482 296 3564 Undique
310 3487 422 3546 collecti
436 3489 551 3557 coeunt,
564 3484 748 3561 Martemque
761 3485 895 3561 fatigant.

147 3564 247 3627 Ilicet
260 3567 409 3625 infandum
423 3565 520 3624 cuncti
533 3568 634 3623 contra
647 3565 743 3622 omina
755 3564 870 3635 bellum,

147 3649 271 3708 Contra
284 3648 344 3705 sata
358 3647 451 3717 deum,
463 3665 596 3722 perverso
609 3644 727 3702 numine
741 3645 881 3721 poscunt:

149 3726 304 3788 Certatim
317 3727 392 3804 regis
407 3725 593 3784 circumstant
606 3726 686 3781 tecta
699 3723 807 3780 Latini.

145 3804 225 3878 Ille,
239 3806 320 3864 velut
332 3805 426 3883 pelagi
439 3825 523 3883 mpes
536 3805 665 3872 immota,
679 3801 804 3872 resistit;

150 3886 222 3964 [Ut
232 3884 328 3963 pelagi
339 3905 431 3961 rupes,
445 3905 553 3962 magno
567 3883 699 3943 veniente
713 3878 853 3962 fragore]

143 3967 224 4032 Qnae
234 3983 304 4035 sese,
317 3964 420 4022 multis
434 3964 542 4024 circum
558 3964 741 4027 latrantibus
753 3964 857 4044 undis,
