2446 4260
467 125 609 169 nnnmos
623 125 686 170 nm.
701 125 745 168 11.
1018 107 1077 171 373

132 267 202 326 Nou
214 270 313 326 tamen
325 267 486 328 indecorem
498 272 551 327 tua
562 270 593 328 te
606 267 707 346 regina
716 267 833 344 reliquit

133 348 273 406 Extrema
280 349 342 427 jam
354 348 386 406 in
399 351 509 421 morte;
528 368 619 426 neque
632 348 687 407 hoc
700 348 760 407 sine
772 347 889 419 nomine
900 346 994 419 latum

133 426 190 486 Per
205 431 307 506 gentes
320 428 383 501 erit,
397 431 448 487 aut
460 428 566 487 sumam
578 427 694 506 patieris
706 427 815 485 inultae.

131 507 164 565 N
164 527 211 565 am
225 508 398 586 quicumque
411 511 496 566 tuum
508 507 627 567 violavit
640 508 755 569 vulnere
768 526 878 584 corpus,

133 586 232 646 Morte
245 587 306 646 luet
318 587 451 646 merita.'’
493 587 564 647 Fuit
577 587 678 665 ingens
691 589 789 647 monte
801 588 854 646 sub
867 586 927 647 alto

132 665 223 744 Regis
236 667 381 726 Dercenni
393 670 507 727 terreno
520 688 555 726 ex
568 687 670 744 aggere
684 667 802 738 bustum

132 746 257 824 Antiqui
270 747 431 820 Laurentis,
445 766 586 824 opacaque
600 747 662 806 ilice
675 748 803 819 tectum

133 825 192 884 Hic
207 826 259 884 dea
272 847 301 885 se
314 827 439 905 primum
451 826 549 905 rapido
562 826 752 905 pulcherrima
765 826 830 887 nisu

133 904 227 978 Sistit,
243 911 273 965 et
286 907 445 966 Arruntem
456 907 569 965 tumulo
583 907 744 984 speculatur
756 907 793 965 ab
806 906 874 971 alto.

133 984 178 1044 Ut
191 986 265 1044 vidit
278 987 436 1065 fulgentem
449 986 543 1059 armis,
557 1006 589 1044 ac
602 1006 676 1045 vana
687 989 859 1057 tumentem,

133 1069 150 1096 “
160 1063 247 1137 Cur,”
262 1066 364 1144 inquit,
378 1071 395 1097 “
404 1066 536 1125 diversus
545 1064 628 1125 abis?
648 1066 705 1125 huc
719 1066 809 1144 dirige
822 1084 967 1144 gressum

134 1145 204 1203 Huc
216 1145 340 1222 periture
352 1145 435 1205 veni:
456 1147 550 1224 capias
561 1147 596 1204 ut
609 1145 698 1224 digua
710 1145 837 1204 Camillae

134 1224 264 1283 Praemia.
304 1225 387 1284 Tune
400 1225 488 1284 etiam
501 1225 567 1285 telis
580 1226 699 1286 moriere
713 1225 816 1285 Dianae
826 1224 861 1285 ?”

133 1303 226 1377 Dixit,
240 1307 271 1363 et
284 1309 383 1364 aurata
396 1305 540 1365 volucrem
553 1305 687 1364 Threissa
699 1305 836 1383 sagittam

133 1384 300 1462 Depromsit
313 1385 455 1463 pharetra,
469 1405 611 1461 cornuque
624 1385 734 1445 infensa
746 1383 880 1457 tetendit,

134 1463 176 1522 Et
190 1465 274 1522 duxit
285 1464 378 1542 longe,
393 1466 482 1524 donec
495 1468 613 1524 cru-vata
626 1467 737 1524 coirent

133 1542 217 1602 Inter
231 1564 260 1603 se
273 1545 374 1622 capita,
388 1548 418 1603 et
431 1545 562 1604 manibus
571 1545 633 1622 jam
645 1546 779 1622 tangeret
791 1542 890 1622 requie,

134 1622 221 1681 Laeva
234 1624 323 1682 aciem
335 1624 410 1696 seni,
424 1625 525 1684 dextra
535 1644 678 1701 nervoque
691 1623 833 1701 papillam.

132 1703 289 1781 Extemplo
302 1703 354 1762 teli
366 1705 516 1763 stridorem
529 1723 666 1781 aurasque
679 1706 813 1762 sonantes

133 1783 237 1842 Audiit
250 1804 308 1842 una
320 1784 440 1857 Arruns,
453 1783 594 1861 haesitque
606 1783 638 1841 in
651 1803 766 1860 corpore
778 1783 893 1843 ferrum.

132 1862 223 1921 Illum
236 1863 426 1941 exspirantem
439 1864 508 1922 socii
520 1866 606 1940 atque
619 1865 747 1929 extrema
759 1871 919 1940 gementem

134 1942 228 2002 Obliti
240 1943 341 2020 ignoto
355 1963 520 2022 camporum
531 1943 563 2001 in
575 1942 690 2020 pulvere
702 1941 854 2019 linquunt;

134 2021 206 2101 Opis
221 2022 257 2081 ed
269 2023 421 2082 aetherium
433 2023 536 2101 pennis
549 2023 676 2081 aufertur
689 2022 854 2100 Olympum.
872 2037 877 2083 ἰ

174 2102 273 2161 Prima
285 2103 371 2179 fugit¹
385 2103 500 2161 domina
513 2102 624 2175 amissa,
636 2102 707 2162 levis
722 2101 767 2161 ala
780 2094 921 2173 Camillae3

135 2183 258 2240 Turbati
269 2183 387 2260 fugiunt
400 2181 504 2241 Rutuli
516 2207 523 2255 ;
542 2181 619 2261 fugit
632 2202 695 2241 acer
708 2182 829 2256 Atinas;

133 2262 310 2340 Disjectique
325 2263 409 2320 duces
423 2262 596 2339 desolatique
609 2262 727 2339 manipli

134 2341 213 2400 Tuta
225 2344 339 2420 petrmt
353 2345 382 2401 et
396 2341 475 2419 equis
489 2343 580 2400 aversi
593 2343 629 2399 ad
642 2342 748 2401 moenia
760 2341 893 2400 tendunt.

134 2421 198 2480 Nec
213 2421 362 2498 quisquam
374 2421 516 2480 instantes
529 2422 653 2480 Teucros
667 2421 812 2498 letumque
825 2421 946 2480 ferentes

135 2501 302 2560 Sustentare
315 2502 392 2560 valet
406 2501 480 2574 telis,
493 2504 545 2559 aut
558 2500 656 2560 sistere
670 2503 785 2559 contra:

135 2581 193 2639 Sed
204 2581 282 2639 laxos
295 2581 422 2649 referunt
435 2580 560 2640 humeris
573 2579 775 2658 languentibus
789 2598 886 2650 arcus3

135 2661 412 2739 Quadrupsdumque
424 2663 540 2738 putrem
550 2679 634 2719 cursu
646 2658 741 2737 quatit
751 2658 859 2738 ungula
866 2676 1008 2736 campum.

134 2739 270 2800 Volvitur
283 2741 320 2803 sd
331 2761 429 2801 muros
442 2740 562 2819 caligine
574 2738 706 2799 turbidus
719 2742 782 2799 atra

134 2818 245 2892 Pulvis,
258 2823 291 2883 et¹
302 2840 318 2881 a
331 2821 451 2898 speculis
464 2840 601 2899 percussa
614 2822 730 2898 pectora
740 2820 846 2889 matres

136 2898 306 2964 Femineum
319 2901 470 2962 clamorem
484 2901 520 2960 ad
533 2899 597 2959 coeli
609 2899 701 2959 sidera
711 2897 829 2958 tollunt.

136 2979 193 3051 Qui
207 3000 291 3038 cursu
303 2983 400 3059 portas
413 2980 499 3059 primi
511 2979 635 3058 irrupere
647 2981 788 3058 patentes,

136 3058 202 3119 Hos
215 3059 331 3124 inimica
343 3080 427 3137 super
439 3059 532 3127 mixto
544 3059 649 3145 premit
662 3058 776 3136 agmine
789 3057 893 3128 turba3

135 3138 200 3199 Nec
212 3138 346 3198 miseram
359 3140 501 3216 effirgiuut
513 3142 645 3211 mortem,
658 3139 708 3198 sed
720 3138 819 3200 limine
832 3137 863 3195 in
875 3136 946 3216 ipso,

136 3218 284 3278 Moenibus
296 3220 328 3277 in
340 3219 449 3298 patriis,
460 3221 546 3296 atque
560 3219 636 3282 inter
649 3221 715 3280 tuta
728 3218 886 3289 domorum,

137 3297 251 3357 confixi
263 3299 408 3376 exspirant
421 3299 537 3359 ammas.
578 3298 649 3357 Pars
663 3297 790 3359 claudere
802 3301 916 3378 portas3

136 3378 201 3438 Nec
215 3378 297 3439 sociis
311 3379 420 3465 aperire
431 3378 515 3451 vium,
528 3397 581 3438 nec
594 3377 735 3436 moenibus
749 3377 856 3437 audent

136 3457 273 3536 Accipere
286 3461 416 3532 orantes3
436 3459 582 3536 oriturque
595 3457 753 3517 miserrima
766 3456 853 3517 cades

137 3536 352 3597 Defendentum
365 3538 450 3598 armis
465 3538 568 3610 aditus,
582 3537 667 3615 inque
681 3539 913 3596 armamentum.

138 3618 265 3690 Exclusi,
279 3621 346 3676 ante
359 3619 453 3677 oculos
467 3618 721 3695 lacrimantumque
735 3635 785 3674 ora
798 3617 957 3693 parentum,

139 3697 210 3756 Pars
223 3698 254 3755 in
266 3697 424 3774 praecipites
436 3699 534 3770 fossas,
547 3700 667 3775 urgente
680 3695 770 3766 ruina,

138 3776 273 3835 Volvitur
277 3803 288 3850 ,·
305 3777 441 3837 immissis
453 3799 520 3857 pars
534 3798 611 3838 caeca
624 3780 655 3838 et
669 3775 786 3837 concita
794 3774 888 3835 irenis

124 3855 244 3913 Arietat
253 3856 286 3914 in
296 3860 399 3934 portas
413 3862 446 3920 et
459 3860 548 3922 duros
563 3861 661 3944 objice
673 3863 788 3943 postes.
