2446 4260
128 127 186 188 136
431 108 612 183 nvmomn
624 139 767 184 maenis

127 285 170 344 Et
183 284 316 343 Danaum
329 282 421 342 solitae
434 303 528 356 naves,
542 285 572 342 et
584 283 696 342 Achaia
707 287 810 356 eontra,

127 364 266 442 Aggressi
277 364 351 422 ferro
364 363 479 436 circum,
493 383 549 441 quo
562 383 674 422 summa
685 362 815 423 labantes

128 443 150 502 J
150 447 285 503 unoturas
297 442 427 501 tabidata
439 443 555 515 dabant,
568 443 752 502 convellimus
766 443 834 502 altis

126 523 253 596 Sedibus,
266 522 501 600 impulimusque:
521 543 555 582 ea
566 522 644 600 lapsa
656 526 773 600 repente
785 523 899 582 ruinam

128 602 202 661 Cum
215 603 311 662 sonitu
323 603 423 675 trahit,
436 606 467 662 et
480 603 613 661 Danaum
626 622 710 679 super
722 603 838 680 agmina
849 603 908 663 late

127 682 244 741 Incidit.
284 683 341 740 Ast
354 682 402 740 alli
415 683 554 754 subeunt3
574 702 626 741 neo
639 702 714 756 sexa,
727 702 779 742 nee
791 683 884 741 ullum

128 763 261 821 Telorum
273 762 382 820 interea
395 765 486 821 cessat
498 782 596 840 genus

168 841 375 900 “Vestibulum
388 842 475 900 ante
466 861 561 919 ipsum
573 841 721 919 primoque
733 841 765 900 in
777 842 876 902 limine
888 841 1019 922 Pyrrhus

128 921 273 992 Exsultat,
287 921 352 980 telis
365 924 396 979 et
408 921 471 980 luce
484 941 615 980 coruscus
629 921 735 980 ahena:

129 1002 226 1073 Qualis
240 967 310 1060 ubi
302 1022 332 1058 ιιι
345 1001 438 1059 lucem
450 1002 572 1073 coluber,
585 1001 660 1059 mala
672 1001 801 1078 gramina
813 1004 921 1079 pastus,

129 1081 247 1159 Frigida
260 1081 313 1139 sub
325 1084 402 1139 terra
414 1081 558 1139 tumidum
571 1101 656 1158 quern
668 1081 770 1138 bruma
781 1082 908 1159 tegebat,

127 1161 214 1218 Nune
227 1160 328 1238 positis
341 1180 432 1219 novus
445 1161 553 1219 exuviis
566 1161 729 1237 nitidusque
738 1160 868 1239 juventa,

129 1240 252 1298 Lubrica
264 1240 408 1299 convolvit
422 1240 533 1298 sublato
546 1243 660 1318 pectore
671 1243 755 1318 terga

126 1319 242 1377 Arduus
256 1320 292 1378 ad
305 1319 401 1392 solem,
414 1323 445 1378 et
457 1319 564 1398 liugane
576 1320 663 1378 mioat
677 1339 724 1378 ore
736 1319 870 1378 trisuleia

128 1399 196 1457 Una
208 1399 308 1478 ingens
321 1399 458 1477 Periphas
472 1403 502 1459 et
515 1419 651 1477 equorum
664 1399 789 1476 agitator
801 1398 924 1458 Achillis

128 1479 261 1557 Armiger
273 1480 465 1550 Automedon,
478 1499 536 1537 uua
548 1480 640 1537 omnis
653 1479 751 1556 Scyria
762 1479 852 1556 pubes

128 1558 289 1617 Succedunt
302 1562 389 1631 tecto,
403 1562 433 1618 et
445 1559 574 1617 flammas
587 1559 624 1617 ad
637 1559 761 1616 eulmina
768 1559 892 1636 jactant.

129 1639 195 1715 Ipse
208 1639 283 1697 inter
295 1639 402 1716 primos
415 1642 545 1716 correpta
557 1639 628 1696 dura
638 1638 755 1716 bipenni

128 1718 243 1776 Limina
254 1718 420 1796 perrumpit,
433 1722 584 1796 postesque
596 1738 614 1776 a
626 1718 738 1776 cardine
750 1717 831 1776 vellit

128 1797 260 1871 AEratos3
275 1798 391 1876 jamque
404 1797 497 1856 excisa
509 1798 589 1856 trabe
602 1798 685 1856 firma
697 1797 809 1856 cavavit

128 1876 252 1949 Robora,
265 1881 296 1936 et
307 1877 455 1955 ingentem
467 1878 526 1936 lato
540 1877 619 1936 dedit
632 1897 680 1936 ore
692 1878 855 1936 fenestram.

127 1958 255 2035 Apparet
269 1958 369 2016 domus
382 1957 470 2029 intus,
483 1961 514 2016 et
527 1957 600 2016 atria
612 1956 699 2035 longa
710 1960 880 2034 pateseunt;

128 2037 277 2115 Apparent
290 2036 399 2095 Priami
412 2040 442 2096 et
454 2040 585 2096 veterum
597 2037 752 2115 penetralia
762 2056 882 2114 regum;

126 2118 317 2193 Armatosque
329 2117 429 2175 rident
442 2119 551 2175 stantes
564 2116 596 2174 in
608 2117 706 2176 limine
718 2116 819 2194 primo.

168 2197 236 2255 “At
250 2198 350 2255 domus
362 2195 481 2255 interior
493 2196 605 2274 gemitu
616 2197 774 2274 miseroque
786 2195 918 2255 tumultu

129 2275 285 2349 Miseetur3
304 2275 474 2353 penitusque
487 2295 563 2334 cavae
575 2276 758 2354 plangoribus
773 2276 849 2336 ades

128 2355 270 2413 Femineis
284 2355 412 2427 ululant;
432 2355 499 2413 ferit
513 2375 596 2415 aurea
609 2356 700 2414 sidera
712 2355 826 2414 elamor.

128 2434 204 2492 Tum
216 2435 326 2513 paridae
339 2401 427 2494 teetis
437 2437 543 2494 matres
556 2435 722 2512 ingentibus
736 2438 842 2507 errant,

127 2515 330 2592 Amplexaeque
342 2517 444 2573 tenent
456 2517 561 2592 postes,
576 2518 662 2592 atque
675 2515 770 2573 oscula
782 2515 888 2593 figunt.

128 2593 265 2652 Instat'
239 2616 269 2652 ιι
280 2595 373 2672 patria
386 2594 531 2672 Pyrrhus3
551 2614 603 2652 nee
616 2594 739 2653 claustra
739 2614 851 2672 ‚neque
862 2592 919 2671 ipsi

128 2673 267 2733 Custodes
280 2675 395 2733 sufferre
407 2674 513 2732 valent
555 2673 649 2733 Labat
662 2674 749 2733 ariete
762 2675 861 2733 erebro

126 2753 148 2812 J
148 2774 230 2826 anua,
244 2758 275 2813 et
287 2754 376 2813 emoti
388 2754 580 2831 procumbunt
594 2754 707 2812 cardine
718 2757 825 2832 poetes.

129 2833 219 2891 Fit'
193 2854 239 2892 v1a
251 2834 297 2892 ri:
317 2837 455 2912 rumpunt
468 2834 563 2891 aditus
565 2834 746 2911 ,primosque
758 2832 907 2893 trucidant

126 2913 255 2971 Immissi
268 2913 369 2985 Danai,
384 2917 414 2972 et
428 2914 486 2972 late
498 2913 560 2972 loea
572 2913 664 2972 milite
677 2913 830 2991 complent.

127 2993 230 3051 Non'
209 3013 257 3064 ere,
271 2957 420 3071 aggeribus
433 2993 526 3071 ruptis
540 3013 628 3085 quum
643 3013 776 3071 spumeus
789 2991 882 3051 amnis

127 3072 209 3131 leiit
211 3073 429 3165 ,oppositasque
442 3073 528 3131 evicit
541 3072 657 3151 gurgite
669 3073 767 3145 moles,

128 3152 254 3211 Fertur
246 3173 277 3210 m
290 3172 357 3210 arva
369 3153 464 3211 furens
478 3152 599 3224 cumulo,
613 3172 782 3230 camposque
793 3171 845 3228 per
856 3170 957 3210 omnes

127 3230 202 3289 Cum
215 3232 333 3291 stabulis
347 3236 475 3291 armenta
487 3232 588 3290 trahit.
628 3232 696 3290 Vidi
708 3233 769 3310 ipse
781 3232 925 3290 furentem

128 3310 214 3370 Caede
226 3311 457 3389 Neoptolemum,
471 3312 653 3390 geminosque
666 3312 697 3370 in
709 3311 808 3370 limine
821 3310 960 3369 Atridas:

126 3390 194 3448 Vidi
207 3391 358 3449 Hecubam
372 3394 542 3467 centumque
555 3412 652 3464 nurus,
666 3392 869 3469 Priamumque
882 3410 933 3468 per
946 3409 1011 3449 aras

127 3469 271 3549 Sanguine
283 3471 447 3542 foedantem,
461 3491 531 3547 quos
544 3471 604 3549 ipse
617 3474 776 3530 sacraverat
778 3471 888 3548 ,.igues

128 3550 342 3629 Quinquaginta
353 3551 396 3608 illi
408 3551 536 3622 thalami,
549 3572 612 3628 spes
624 3555 709 3610 tanta
720 3517 868 3628 nep'otum,

127 3630 279 3690 Barbarieo
292 3633 388 3709 postes
402 3651 470 3689 auro
484 3631 634 3709 spoliisque
648 3632 769 3710 superbi,

126 3709 320 3771 Procubuere:
340 3714 441 3770 tenent
455 3710 557 3782 Danai,
570 3732 627 3788 qua
639 3713 755 3770 deficit
746 3709 832 3789 iguis

167 3789 327 3849 “Forsitan
340 3794 370 3849 et
384 3791 492 3850 Priami
505 3756 611 3849 fueiint
624 3811 685 3869 quae
698 3793 766 3862 fata,
779 3789 915 3868 requiras.

128 3866 216 3927 Urbis
229 3870 274 3928 uti
286 3873 375 3949 oaptae
389 3891 486 3932 casum
498 3871 685 3949 oonvulsaque
698 3871 771 3929 vidit
