<?xml version="1.0" encoding="UTF-8"?>
<!DOCTYPE html PUBLIC "-//W3C//DTD XHTML 1.0 Transitional//EN"
    "http://www.w3.org/TR/xhtml1/DTD/xhtml1-transitional.dtd">
<html xmlns="http://www.w3.org/1999/xhtml" xml:lang="en" lang="en">
 <head>
  <title>
</title>
<meta http-equiv="Content-Type" content="text/html;charset=utf-8" />
  <meta name='ocr-system' content='tesseract 3.04.00' />
  <meta name='ocr-capabilities' content='ocr_page ocr_carea ocr_par ocr_line ocrx_word'/>
</head>
<body>
  <div class='ocr_page' id='page_1' title='image "./worksfromtexthe00virggoog_0247.png"; bbox 0 0 2446 4260; ppageno 0'>
   <div class='ocr_carea' id='block_1_1' title="bbox 195 242 838 298">
    <p class='ocr_par' dir='ltr' id='par_1_1' title="bbox 195 242 838 298">
     <span class='ocr_line' id='line_1_1' title="bbox 195 242 838 298; baseline -0.005 0"><span class='ocrx_word' id='word_1_1' title='bbox 195 242 252 298; x_wconf 79' lang='lat'><strong>212</strong></span> <span class='ocrx_word' id='word_1_2' title='bbox 495 255 522 296; x_wconf 83' lang='lat' dir='ltr'><strong>r.</strong></span> <span class='ocrx_word' id='word_1_3' title='bbox 536 252 676 296; x_wconf 77' lang='lat' dir='ltr'><strong>mamm</strong></span> <span class='ocrx_word' id='word_1_4' title='bbox 695 251 838 295; x_wconf 73' lang='lat' dir='ltr'><strong>nunonis</strong></span> 
     </span>
    </p>
   </div>
   <div class='ocr_carea' id='block_1_2' title="bbox 190 394 1049 3738">
    <p class='ocr_par' dir='ltr' id='par_1_2' title="bbox 190 394 1049 3738">
     <span class='ocr_line' id='line_1_2' title="bbox 195 394 898 474; baseline -0.003 -18"><span class='ocrx_word' id='word_1_5' title='bbox 195 398 247 456; x_wconf 87' lang='lat' dir='ltr'><strong>Vel</strong></span> <span class='ocrx_word' id='word_1_6' title='bbox 261 401 304 469; x_wconf 85' lang='lat' dir='ltr'><strong>tu,</strong></span> <span class='ocrx_word' id='word_1_7' title='bbox 317 397 393 474; x_wconf 93' lang='lat' dir='ltr'><strong>quod</strong></span> <span class='ocrx_word' id='word_1_8' title='bbox 406 399 541 473; x_wconf 88' lang='lat' dir='ltr'><strong>superest,</strong></span> <span class='ocrx_word' id='word_1_9' title='bbox 554 395 657 454; x_wconf 85' lang='lat' dir='ltr'><strong>infesto</strong></span> <span class='ocrx_word' id='word_1_10' title='bbox 670 394 788 454; x_wconf 86' lang='lat' dir='ltr'><strong>fulmine</strong></span> <span class='ocrx_word' id='word_1_11' title='bbox 802 396 898 467; x_wconf 83' lang='lat' dir='ltr'><strong>morti,</strong></span> 
     </span>
     <span class='ocr_line' id='line_1_3' title="bbox 194 475 916 553; baseline -0.003 -17"><span class='ocrx_word' id='word_1_12' title='bbox 194 479 225 536; x_wconf 86' lang='lat' dir='ltr'><strong>Si</strong></span> <span class='ocrx_word' id='word_1_13' title='bbox 238 497 354 550; x_wconf 88' lang='lat' dir='ltr'><strong>mereor,</strong></span> <span class='ocrx_word' id='word_1_14' title='bbox 368 477 495 548; x_wconf 88' lang='lat' dir='ltr'><strong>demitte,</strong></span> <span class='ocrx_word' id='word_1_15' title='bbox 508 479 614 553; x_wconf 86' lang='lat' dir='ltr'><strong>tuaque</strong></span> <span class='ocrx_word' id='word_1_16' title='bbox 627 475 673 533; x_wconf 90' lang='lat' dir='ltr'><strong>hic</strong></span> <span class='ocrx_word' id='word_1_17' title='bbox 687 476 773 534; x_wconf 88' lang='lat' dir='ltr'><strong>obrue</strong></span> <span class='ocrx_word' id='word_1_18' title='bbox 787 476 916 534; x_wconf 83' lang='lat' dir='ltr'><strong>dextra.”</strong></span> 
     </span>
     <span class='ocr_line' id='line_1_4' title="bbox 194 554 908 634; baseline 0 -20"><span class='ocrx_word' id='word_1_19' title='bbox 194 558 251 616; x_wconf 85' lang='lat' dir='ltr'><strong>Vix</strong></span> <span class='ocrx_word' id='word_1_20' title='bbox 263 558 324 616; x_wconf 85' lang='lat' dir='ltr'><strong>haec</strong></span> <span class='ocrx_word' id='word_1_21' title='bbox 337 557 471 628; x_wconf 85' lang='lat' dir='ltr'><strong>ediderat,</strong></span> <span class='ocrx_word' id='word_1_22' title='bbox 485 576 573 634; x_wconf 92' lang='lat' dir='ltr'><strong>quum</strong></span> <span class='ocrx_word' id='word_1_23' title='bbox 586 554 681 613; x_wconf 88' lang='lat' dir='ltr'><strong>effusis</strong></span> <span class='ocrx_word' id='word_1_24' title='bbox 693 554 831 614; x_wconf 84' lang='lat' dir='ltr'><strong>imbribus</strong></span> <span class='ocrx_word' id='word_1_25' title='bbox 844 559 908 614; x_wconf 85' lang='lat' dir='ltr'><strong>atra</strong></span> 
     </span>
     <span class='ocr_line' id='line_1_5' title="bbox 196 634 979 714; baseline -0.001 -19"><span class='ocrx_word' id='word_1_26' title='bbox 196 638 361 714; x_wconf 73' lang='lat' dir='ltr'>Tempestas</span> <span class='ocrx_word' id='word_1_27' title='bbox 375 637 434 695; x_wconf 88' lang='lat' dir='ltr'><strong>sine</strong></span> <span class='ocrx_word' id='word_1_28' title='bbox 447 655 524 694; x_wconf 92' lang='lat' dir='ltr'><strong>more</strong></span> <span class='ocrx_word' id='word_1_29' title='bbox 537 635 616 708; x_wconf 86' lang='lat' dir='ltr'><strong>furit,</strong></span> <span class='ocrx_word' id='word_1_30' title='bbox 629 634 795 711; x_wconf 70' lang='lat' dir='ltr'><strong>tonitruque</strong></span> <span class='ocrx_word' id='word_1_31' title='bbox 808 635 979 694; x_wconf 89' lang='lat' dir='ltr'><strong>tremiscunt</strong></span> 
     </span>
     <span class='ocr_line' id='line_1_6' title="bbox 194 714 886 792; baseline -0.001 -17"><span class='ocrx_word' id='word_1_32' title='bbox 194 717 293 775; x_wconf 87' lang='lat' dir='ltr'><strong>Ardua</strong></span> <span class='ocrx_word' id='word_1_33' title='bbox 304 720 443 775; x_wconf 89' lang='lat' dir='ltr'><strong>terrarum</strong></span> <span class='ocrx_word' id='word_1_34' title='bbox 457 719 487 774; x_wconf 93' lang='lat' dir='ltr'><strong>et</strong></span> <span class='ocrx_word' id='word_1_35' title='bbox 501 715 608 792; x_wconf 90' lang='lat' dir='ltr'><strong>campi;</strong></span> <span class='ocrx_word' id='word_1_36' title='bbox 628 714 687 772; x_wconf 90' lang='lat' dir='ltr'><strong>ruit</strong></span> <span class='ocrx_word' id='word_1_37' title='bbox 702 715 808 773; x_wconf 85' lang='lat' dir='ltr'><strong>aethere</strong></span> <span class='ocrx_word' id='word_1_38' title='bbox 821 718 886 775; x_wconf 90' lang='lat' dir='ltr'><strong>toto</strong></span> 
     </span>
     <span class='ocr_line' id='line_1_7' title="bbox 194 794 1001 872; baseline -0.001 -18"><span class='ocrx_word' id='word_1_39' title='bbox 194 796 336 854; x_wconf 81' lang='lat' dir='ltr'><strong>Turbidus</strong></span> <span class='ocrx_word' id='word_1_40' title='bbox 350 796 440 854; x_wconf 84' lang='lat' dir='ltr'><strong>imber</strong></span> <span class='ocrx_word' id='word_1_41' title='bbox 452 815 525 872; x_wconf 84' lang='lat' dir='ltr'><strong>aqua</strong></span> <span class='ocrx_word' id='word_1_42' title='bbox 537 794 685 872; x_wconf 82' lang='lat' dir='ltr'><strong>densisque</strong></span> <span class='ocrx_word' id='word_1_43' title='bbox 697 794 867 872; x_wconf 83' lang='lat' dir='ltr'><strong>nigerrimus</strong></span> <span class='ocrx_word' id='word_1_44' title='bbox 881 794 1001 865; x_wconf 79' lang='lat' dir='ltr'><strong>austris3</strong></span> 
     </span>
     <span class='ocr_line' id='line_1_8' title="bbox 194 874 976 953; baseline 0 -21"><span class='ocrx_word' id='word_1_45' title='bbox 194 876 409 953; x_wconf 86' lang='lat' dir='ltr'><strong>Implenturque</strong></span> <span class='ocrx_word' id='word_1_46' title='bbox 423 895 506 951; x_wconf 89' lang='lat' dir='ltr'><strong>super</strong></span> <span class='ocrx_word' id='word_1_47' title='bbox 517 894 641 951; x_wconf 85' lang='lat' dir='ltr'><strong>puppes3</strong></span> <span class='ocrx_word' id='word_1_48' title='bbox 662 874 798 932; x_wconf 87' lang='lat' dir='ltr'><strong>semiusta</strong></span> <span class='ocrx_word' id='word_1_49' title='bbox 809 875 976 933; x_wconf 85' lang='lat' dir='ltr'><strong>madescunt</strong></span> 
     </span>
     <span class='ocr_line' id='line_1_9' title="bbox 195 953 977 1030; baseline 0.001 -17"><span class='ocrx_word' id='word_1_50' title='bbox 195 955 326 1026; x_wconf 84' lang='lat' dir='ltr'><strong>Robora3</strong></span> <span class='ocrx_word' id='word_1_51' title='bbox 345 954 498 1013; x_wconf 88' lang='lat' dir='ltr'><strong>restinctus</strong></span> <span class='ocrx_word' id='word_1_52' title='bbox 512 954 600 1012; x_wconf 89' lang='lat' dir='ltr'><strong>donec</strong></span> <span class='ocrx_word' id='word_1_53' title='bbox 613 973 701 1030; x_wconf 87' lang='lat' dir='ltr'><strong>vapor</strong></span> <span class='ocrx_word' id='word_1_54' title='bbox 714 953 814 1026; x_wconf 88' lang='lat' dir='ltr'><strong>omnis,</strong></span> <span class='ocrx_word' id='word_1_55' title='bbox 828 957 858 1012; x_wconf 90' lang='lat' dir='ltr'><strong>et</strong></span> <span class='ocrx_word' id='word_1_56' title='bbox 871 975 977 1026; x_wconf 89' lang='lat' dir='ltr'><strong>omnes,</strong></span> 
     </span>
     <span class='ocr_line' id='line_1_10' title="bbox 195 1033 832 1110; baseline -0.002 -18"><span class='ocrx_word' id='word_1_57' title='bbox 195 1035 323 1106; x_wconf 78' lang='lat' dir='ltr'><strong>Quatuor</strong></span> <span class='ocrx_word' id='word_1_58' title='bbox 337 1034 454 1105; x_wconf 85' lang='lat' dir='ltr'><strong>amissis,</strong></span> <span class='ocrx_word' id='word_1_59' title='bbox 467 1037 587 1092; x_wconf 87' lang='lat' dir='ltr'><strong>servatae</strong></span> <span class='ocrx_word' id='word_1_60' title='bbox 601 1053 618 1091; x_wconf 87' lang='lat' dir='ltr'><strong>a</strong></span> <span class='ocrx_word' id='word_1_61' title='bbox 630 1036 710 1110; x_wconf 89' lang='lat' dir='ltr'><strong>peste</strong></span> <span class='ocrx_word' id='word_1_62' title='bbox 723 1033 832 1092; x_wconf 78' lang='lat' dir='ltr'><strong>carinae.</strong></span> 
     </span>
     <span class='ocr_line' id='line_1_11' title="bbox 233 1113 861 1191; baseline 0.002 -20"><span class='ocrx_word' id='word_1_63' title='bbox 233 1115 276 1173; x_wconf 89' lang='lat' dir='ltr'><strong>At</strong></span> <span class='ocrx_word' id='word_1_64' title='bbox 289 1116 370 1191; x_wconf 88' lang='lat' dir='ltr'><strong>pater</strong></span> <span class='ocrx_word' id='word_1_65' title='bbox 382 1113 496 1184; x_wconf 69' lang='lat' dir='ltr'><strong>Encas,</strong></span> <span class='ocrx_word' id='word_1_66' title='bbox 510 1133 577 1172; x_wconf 89' lang='lat' dir='ltr'><strong>casu</strong></span> <span class='ocrx_word' id='word_1_67' title='bbox 589 1133 740 1171; x_wconf 88' lang='lat' dir='ltr'><strong>concussus</strong></span> <span class='ocrx_word' id='word_1_68' title='bbox 753 1113 861 1186; x_wconf 78' lang='lat' dir='ltr'><strong>acerbe,</strong></span> 
     </span>
     <span class='ocr_line' id='line_1_12' title="bbox 194 1193 881 1271; baseline -0.001 -19"><span class='ocrx_word' id='word_1_69' title='bbox 194 1193 281 1252; x_wconf 92' lang='lat' dir='ltr'><strong>Nunc</strong></span> <span class='ocrx_word' id='word_1_70' title='bbox 293 1194 350 1252; x_wconf 93' lang='lat' dir='ltr'><strong>huc</strong></span> <span class='ocrx_word' id='word_1_71' title='bbox 363 1193 493 1271; x_wconf 73' lang='lat' dir='ltr'><strong>ingentes</strong></span> <span class='ocrx_word' id='word_1_72' title='bbox 506 1213 582 1251; x_wconf 87' lang='lat' dir='ltr'><strong>nunc</strong></span> <span class='ocrx_word' id='word_1_73' title='bbox 594 1193 661 1251; x_wconf 91' lang='lat' dir='ltr'><strong>illuc</strong></span> <span class='ocrx_word' id='word_1_74' title='bbox 674 1195 787 1269; x_wconf 90' lang='lat' dir='ltr'><strong>pectore</strong></span> <span class='ocrx_word' id='word_1_75' title='bbox 801 1212 881 1251; x_wconf 86' lang='lat' dir='ltr'><strong>curas</strong></span> 
     </span>
     <span class='ocr_line' id='line_1_13' title="bbox 195 1272 874 1344; baseline 0 -14"><span class='ocrx_word' id='word_1_76' title='bbox 195 1273 331 1332; x_wconf 84' lang='lat' dir='ltr'><strong>Mutabat</strong></span> <span class='ocrx_word' id='word_1_77' title='bbox 344 1292 474 1331; x_wconf 86' lang='lat' dir='ltr'><strong>versans:</strong></span> <span class='ocrx_word' id='word_1_78' title='bbox 495 1272 631 1331; x_wconf 80' lang='lat' dir='ltr'><strong>Siculisne</strong></span> <span class='ocrx_word' id='word_1_79' title='bbox 644 1272 778 1332; x_wconf 87' lang='lat' dir='ltr'><strong>resideret</strong></span> <span class='ocrx_word' id='word_1_80' title='bbox 792 1273 874 1344; x_wconf 87' lang='lat' dir='ltr'><strong>arvis,</strong></span> 
     </span>
     <span class='ocr_line' id='line_1_14' title="bbox 196 1352 850 1428; baseline 0 -18"><span class='ocrx_word' id='word_1_81' title='bbox 196 1352 309 1411; x_wconf 86' lang='lat' dir='ltr'><strong>Oblitus</strong></span> <span class='ocrx_word' id='word_1_82' title='bbox 322 1353 455 1424; x_wconf 88' lang='lat' dir='ltr'><strong>fatorum,</strong></span> <span class='ocrx_word' id='word_1_83' title='bbox 469 1352 596 1410; x_wconf 82' lang='lat' dir='ltr'><strong>Italasne</strong></span> <span class='ocrx_word' id='word_1_84' title='bbox 609 1355 765 1428; x_wconf 83' lang='lat' dir='ltr'><strong>capesseret</strong></span> <span class='ocrx_word' id='word_1_85' title='bbox 779 1371 850 1410; x_wconf 89' lang='lat' dir='ltr'><strong>oras.</strong></span> 
     </span>
     <span class='ocr_line' id='line_1_15' title="bbox 195 1431 863 1504; baseline -0.003 -13"><span class='ocrx_word' id='word_1_86' title='bbox 195 1433 270 1491; x_wconf 90' lang='lat' dir='ltr'><strong>Tum</strong></span> <span class='ocrx_word' id='word_1_87' title='bbox 284 1432 376 1491; x_wconf 86' lang='lat' dir='ltr'><strong>senior</strong></span> <span class='ocrx_word' id='word_1_88' title='bbox 388 1432 509 1504; x_wconf 86' lang='lat' dir='ltr'><strong>Nautes,</strong></span> <span class='ocrx_word' id='word_1_89' title='bbox 523 1453 612 1490; x_wconf 92' lang='lat' dir='ltr'><strong>unum</strong></span> <span class='ocrx_word' id='word_1_90' title='bbox 626 1431 756 1489; x_wconf 79' lang='lat' dir='ltr'><strong>Tritonia</strong></span> <span class='ocrx_word' id='word_1_91' title='bbox 769 1431 863 1489; x_wconf 83' lang='lat' dir='ltr'><strong>Pallas</strong></span> 
     </span>
     <span class='ocr_line' id='line_1_16' title="bbox 195 1510 939 1589; baseline 0 -19"><span class='ocrx_word' id='word_1_92' title='bbox 195 1513 286 1584; x_wconf 78' lang='lat' dir='ltr'><strong>Quem</strong></span> <span class='ocrx_word' id='word_1_93' title='bbox 300 1511 405 1583; x_wconf 85' lang='lat' dir='ltr'><strong>docuit,</strong></span> <span class='ocrx_word' id='word_1_94' title='bbox 418 1512 566 1589; x_wconf 86' lang='lat' dir='ltr'><strong>multaque</strong></span> <span class='ocrx_word' id='word_1_95' title='bbox 578 1511 720 1588; x_wconf 84' lang='lat' dir='ltr'><strong>insignem</strong></span> <span class='ocrx_word' id='word_1_96' title='bbox 732 1510 856 1570; x_wconf 87' lang='lat' dir='ltr'><strong>reddidit</strong></span> <span class='ocrx_word' id='word_1_97' title='bbox 869 1512 939 1583; x_wconf 72' lang='lat' dir='ltr'><strong>aaa,</strong></span> 
     </span>
     <span class='ocr_line' id='line_1_17' title="bbox 194 1590 903 1669; baseline -0.003 -19"><span class='ocrx_word' id='word_1_98' title='bbox 194 1592 267 1650; x_wconf 89' lang='lat' dir='ltr'><strong>Haee</strong></span> <span class='ocrx_word' id='word_1_99' title='bbox 279 1612 413 1669; x_wconf 87' lang='lat' dir='ltr'><strong>responsa</strong></span> <span class='ocrx_word' id='word_1_100' title='bbox 425 1591 519 1664; x_wconf 84' lang='lat' dir='ltr'><strong>dabat,</strong></span> <span class='ocrx_word' id='word_1_101' title='bbox 532 1592 579 1650; x_wconf 80' lang='lat' dir='ltr'><strong>vel</strong></span> <span class='ocrx_word' id='word_1_102' title='bbox 592 1611 654 1666; x_wconf 82' lang='lat' dir='ltr'><strong>quae</strong></span> <span class='ocrx_word' id='word_1_103' title='bbox 666 1590 848 1668; x_wconf 88' lang='lat' dir='ltr'><strong>portenderet</strong></span> <span class='ocrx_word' id='word_1_104' title='bbox 860 1591 903 1648; x_wconf 88' lang='lat' dir='ltr'><strong>ira</strong></span> 
     </span>
     <span class='ocr_line' id='line_1_18' title="bbox 194 1671 911 1749; baseline 0.001 -21"><span class='ocrx_word' id='word_1_105' title='bbox 194 1671 305 1749; x_wconf 83' lang='lat' dir='ltr'><strong>Magna</strong></span> <span class='ocrx_word' id='word_1_106' title='bbox 317 1672 410 1743; x_wconf 89' lang='lat' dir='ltr'><strong>deum,</strong></span> <span class='ocrx_word' id='word_1_107' title='bbox 423 1672 469 1730; x_wconf 87' lang='lat' dir='ltr'><strong>vel</strong></span> <span class='ocrx_word' id='word_1_108' title='bbox 482 1691 543 1748; x_wconf 84' lang='lat' dir='ltr'><strong>quae</strong></span> <span class='ocrx_word' id='word_1_109' title='bbox 555 1671 679 1729; x_wconf 89' lang='lat' dir='ltr'><strong>fatorum</strong></span> <span class='ocrx_word' id='word_1_110' title='bbox 692 1673 820 1748; x_wconf 90' lang='lat' dir='ltr'><strong>posceret</strong></span> <span class='ocrx_word' id='word_1_111' title='bbox 833 1671 911 1729; x_wconf 85' lang='lat' dir='ltr'><strong>orde.</strong></span> 
     </span>
     <span class='ocr_line' id='line_1_19' title="bbox 194 1750 815 1829; baseline 0.006 -23"><span class='ocrx_word' id='word_1_112' title='bbox 194 1751 280 1829; x_wconf 91' lang='lat' dir='ltr'><strong>Isque</strong></span> <span class='ocrx_word' id='word_1_113' title='bbox 293 1751 339 1810; x_wconf 92' lang='lat' dir='ltr'><strong>his</strong></span> <span class='ocrx_word' id='word_1_114' title='bbox 351 1751 473 1809; x_wconf 82' lang='lat' dir='ltr'><strong>AEneam</strong></span> <span class='ocrx_word' id='word_1_115' title='bbox 485 1751 592 1810; x_wconf 85' lang='lat' dir='ltr'><strong>solatus</strong></span> <span class='ocrx_word' id='word_1_116' title='bbox 604 1751 720 1810; x_wconf 87' lang='lat' dir='ltr'><strong>vocibus</strong></span> <span class='ocrx_word' id='word_1_117' title='bbox 733 1750 815 1810; x_wconf 88' lang='lat' dir='ltr'><strong>infit:</strong></span> 
     </span>
     <span class='ocr_line' id='line_1_20' title="bbox 195 1829 1049 1908; baseline -0.002 -20"><span class='ocrx_word' id='word_1_118' title='bbox 195 1834 211 1863; x_wconf 91' lang='lat'><strong>“</strong></span> <span class='ocrx_word' id='word_1_119' title='bbox 219 1831 298 1890; x_wconf 86' lang='lat' dir='ltr'><strong>Nate</strong></span> <span class='ocrx_word' id='word_1_120' title='bbox 311 1831 370 1902; x_wconf 83' lang='lat' dir='ltr'><strong>dea,</strong></span> <span class='ocrx_word' id='word_1_121' title='bbox 384 1851 440 1908; x_wconf 93' lang='lat' dir='ltr'><strong>quo</strong></span> <span class='ocrx_word' id='word_1_122' title='bbox 452 1830 513 1888; x_wconf 86' lang='lat' dir='ltr'><strong>fata</strong></span> <span class='ocrx_word' id='word_1_123' title='bbox 524 1830 646 1889; x_wconf 89' lang='lat' dir='ltr'><strong>trahunt</strong></span> <span class='ocrx_word' id='word_1_124' title='bbox 658 1829 871 1906; x_wconf 86' lang='lat' dir='ltr'><strong>retrabuntque,</strong></span> <span class='ocrx_word' id='word_1_125' title='bbox 885 1849 1049 1908; x_wconf 84' lang='lat' dir='ltr'><strong>sequamur:</strong></span> 
     </span>
     <span class='ocr_line' id='line_1_21' title="bbox 195 1909 1009 1988; baseline -0.001 -20"><span class='ocrx_word' id='word_1_126' title='bbox 195 1910 339 1987; x_wconf 78' lang='lat' dir='ltr'><strong>Quidquid</strong></span> <span class='ocrx_word' id='word_1_127' title='bbox 351 1910 414 1981; x_wconf 90' lang='lat' dir='ltr'><strong>erit,</strong></span> <span class='ocrx_word' id='word_1_128' title='bbox 428 1910 584 1988; x_wconf 87' lang='lat' dir='ltr'><strong>superanda</strong></span> <span class='ocrx_word' id='word_1_129' title='bbox 597 1910 689 1968; x_wconf 90' lang='lat' dir='ltr'><strong>omnis</strong></span> <span class='ocrx_word' id='word_1_130' title='bbox 701 1911 816 1968; x_wconf 84' lang='lat' dir='ltr'><strong>fortuna</strong></span> <span class='ocrx_word' id='word_1_131' title='bbox 828 1909 943 1969; x_wconf 87' lang='lat' dir='ltr'><strong>ferendo</strong></span> <span class='ocrx_word' id='word_1_132' title='bbox 957 1913 1009 1968; x_wconf 90' lang='lat' dir='ltr'><strong>est.</strong></span> 
     </span>
     <span class='ocr_line' id='line_1_22' title="bbox 194 1989 865 2067; baseline 0.001 -21"><span class='ocrx_word' id='word_1_133' title='bbox 194 1990 250 2048; x_wconf 83' lang='lat' dir='ltr'><strong>Est</strong></span> <span class='ocrx_word' id='word_1_134' title='bbox 263 1990 317 2049; x_wconf 89' lang='lat' dir='ltr'><strong>tibi</strong></span> <span class='ocrx_word' id='word_1_135' title='bbox 330 1990 490 2047; x_wconf 85' lang='lat' dir='ltr'><strong>Dardanius</strong></span> <span class='ocrx_word' id='word_1_136' title='bbox 504 1989 608 2048; x_wconf 87' lang='lat' dir='ltr'><strong>divinae</strong></span> <span class='ocrx_word' id='word_1_137' title='bbox 622 1989 717 2067; x_wconf 86' lang='lat' dir='ltr'><strong>stirpis</strong></span> <span class='ocrx_word' id='word_1_138' title='bbox 730 1990 865 2048; x_wconf 89' lang='lat' dir='ltr'><strong>Acestes:</strong></span> 
     </span>
     <span class='ocr_line' id='line_1_23' title="bbox 194 2067 989 2147; baseline -0.003 -19"><span class='ocrx_word' id='word_1_139' title='bbox 194 2069 283 2128; x_wconf 88' lang='lat' dir='ltr'><strong>Hunc</strong></span> <span class='ocrx_word' id='word_1_140' title='bbox 296 2089 363 2147; x_wconf 89' lang='lat' dir='ltr'><strong>cape</strong></span> <span class='ocrx_word' id='word_1_141' title='bbox 376 2069 499 2129; x_wconf 90' lang='lat' dir='ltr'><strong>consiliis</strong></span> <span class='ocrx_word' id='word_1_142' title='bbox 512 2069 620 2128; x_wconf 89' lang='lat' dir='ltr'><strong>socium</strong></span> <span class='ocrx_word' id='word_1_143' title='bbox 633 2072 663 2128; x_wconf 90' lang='lat' dir='ltr'><strong>et</strong></span> <span class='ocrx_word' id='word_1_144' title='bbox 676 2069 815 2147; x_wconf 86' lang='lat' dir='ltr'><strong>conjunge</strong></span> <span class='ocrx_word' id='word_1_145' title='bbox 827 2067 989 2138; x_wconf 69' lang='lat' dir='ltr'><strong>volentem</strong></span> 
     </span>
     <span class='ocr_line' id='line_1_24' title="bbox 194 2148 976 2226; baseline -0.001 -19"><span class='ocrx_word' id='word_1_146' title='bbox 194 2148 273 2208; x_wconf 93' lang='lat' dir='ltr'><strong>Huic</strong></span> <span class='ocrx_word' id='word_1_147' title='bbox 286 2149 375 2222; x_wconf 86' lang='lat' dir='ltr'><strong>trade,</strong></span> <span class='ocrx_word' id='word_1_148' title='bbox 389 2148 498 2207; x_wconf 84' lang='lat' dir='ltr'><strong>amissis</strong></span> <span class='ocrx_word' id='word_1_149' title='bbox 512 2152 645 2226; x_wconf 88' lang='lat' dir='ltr'><strong>superant</strong></span> <span class='ocrx_word' id='word_1_150' title='bbox 659 2149 707 2225; x_wconf 92' lang='lat' dir='ltr'><strong>qui</strong></span> <span class='ocrx_word' id='word_1_151' title='bbox 720 2148 847 2220; x_wconf 86' lang='lat' dir='ltr'><strong>navibus,</strong></span> <span class='ocrx_word' id='word_1_152' title='bbox 861 2150 891 2206; x_wconf 92' lang='lat' dir='ltr'><strong>et</strong></span> <span class='ocrx_word' id='word_1_153' title='bbox 905 2168 976 2225; x_wconf 91' lang='lat' dir='ltr'><strong>quos</strong></span> 
     </span>
     <span class='ocr_line' id='line_1_25' title="bbox 195 2228 947 2306; baseline 0 -20"><span class='ocrx_word' id='word_1_154' title='bbox 195 2229 355 2288; x_wconf 82' lang='lat' dir='ltr'><strong>Pertaesum</strong></span> <span class='ocrx_word' id='word_1_155' title='bbox 368 2229 465 2306; x_wconf 86' lang='lat' dir='ltr'><strong>magni</strong></span> <span class='ocrx_word' id='word_1_156' title='bbox 477 2228 584 2306; x_wconf 89' lang='lat' dir='ltr'><strong>incepti</strong></span> <span class='ocrx_word' id='word_1_157' title='bbox 595 2248 744 2306; x_wconf 88' lang='lat' dir='ltr'><strong>rerumque</strong></span> <span class='ocrx_word' id='word_1_158' title='bbox 756 2231 873 2286; x_wconf 82' lang='lat' dir='ltr'><strong>tuarum</strong></span> <span class='ocrx_word' id='word_1_159' title='bbox 885 2231 947 2300; x_wconf 90' lang='lat' dir='ltr'><strong>est;</strong></span> 
     </span>
     <span class='ocr_line' id='line_1_26' title="bbox 195 2308 987 2386; baseline -0.005 -20"><span class='ocrx_word' id='word_1_160' title='bbox 195 2309 410 2386; x_wconf 83' lang='lat' dir='ltr'><strong>Longaevosque</strong></span> <span class='ocrx_word' id='word_1_161' title='bbox 424 2328 512 2380; x_wconf 88' lang='lat' dir='ltr'><strong>senes,</strong></span> <span class='ocrx_word' id='word_1_162' title='bbox 526 2329 558 2366; x_wconf 89' lang='lat' dir='ltr'><strong>ac</strong></span> <span class='ocrx_word' id='word_1_163' title='bbox 571 2308 657 2366; x_wconf 85' lang='lat' dir='ltr'><strong>fessas</strong></span> <span class='ocrx_word' id='word_1_164' title='bbox 670 2327 780 2385; x_wconf 85' lang='lat' dir='ltr'><strong>aequore</strong></span> <span class='ocrx_word' id='word_1_165' title='bbox 792 2311 907 2379; x_wconf 87' lang='lat' dir='ltr'><strong>matres,</strong></span> <span class='ocrx_word' id='word_1_166' title='bbox 983 2353 987 2362; x_wconf 86' lang='grc'><em>,</em></span> 
     </span>
     <span class='ocr_line' id='line_1_27' title="bbox 196 2386 1038 2466; baseline -0.002 -20"><span class='ocrx_word' id='word_1_167' title='bbox 196 2389 238 2446; x_wconf 84' lang='lat' dir='ltr'><strong>Et</strong></span> <span class='ocrx_word' id='word_1_168' title='bbox 251 2388 388 2466; x_wconf 91' lang='lat' dir='ltr'><strong>quidquid</strong></span> <span class='ocrx_word' id='word_1_169' title='bbox 400 2392 496 2446; x_wconf 90' lang='lat' dir='ltr'><strong>tecum</strong></span> <span class='ocrx_word' id='word_1_170' title='bbox 509 2388 665 2447; x_wconf 85' lang='lat' dir='ltr'><strong>invalidum</strong></span> <span class='ocrx_word' id='word_1_171' title='bbox 678 2392 863 2464; x_wconf 87' lang='lat' dir='ltr'><strong>metuensque</strong></span> <span class='ocrx_word' id='word_1_172' title='bbox 875 2386 972 2464; x_wconf 90' lang='lat' dir='ltr'><strong>pericli</strong></span> <span class='ocrx_word' id='word_1_173' title='bbox 985 2391 1038 2457; x_wconf 87' lang='lat' dir='ltr'><strong>est,</strong></span> 
     </span>
     <span class='ocr_line' id='line_1_28' title="bbox 195 2467 940 2546; baseline 0 -21"><span class='ocrx_word' id='word_1_174' title='bbox 195 2468 314 2546; x_wconf 90' lang='lat' dir='ltr'><strong>Delige;</strong></span> <span class='ocrx_word' id='word_1_175' title='bbox 335 2472 364 2526; x_wconf 92' lang='grc'><strong>61</strong></span> <span class='ocrx_word' id='word_1_176' title='bbox 377 2468 422 2525; x_wconf 90' lang='lat' dir='ltr'><strong>his</strong></span> <span class='ocrx_word' id='word_1_177' title='bbox 436 2468 559 2526; x_wconf 86' lang='lat' dir='ltr'><strong>habeant</strong></span> <span class='ocrx_word' id='word_1_178' title='bbox 572 2468 656 2526; x_wconf 90' lang='lat' dir='ltr'><strong>terris</strong></span> <span class='ocrx_word' id='word_1_179' title='bbox 669 2468 728 2525; x_wconf 85' lang='lat' dir='ltr'><strong>sine</strong></span> <span class='ocrx_word' id='word_1_180' title='bbox 742 2468 847 2525; x_wconf 87' lang='lat' dir='ltr'><strong>moenia</strong></span> <span class='ocrx_word' id='word_1_181' title='bbox 859 2467 940 2525; x_wconf 86' lang='lat' dir='ltr'><strong>fessi:</strong></span> 
     </span>
     <span class='ocr_line' id='line_1_29' title="bbox 195 2546 950 2625; baseline 0 -21"><span class='ocrx_word' id='word_1_182' title='bbox 195 2548 304 2606; x_wconf 91' lang='lat' dir='ltr'><strong>Urbem</strong></span> <span class='ocrx_word' id='word_1_183' title='bbox 317 2548 498 2625; x_wconf 85' lang='lat' dir='ltr'><strong>appellabunt</strong></span> <span class='ocrx_word' id='word_1_184' title='bbox 511 2547 645 2624; x_wconf 87' lang='lat' dir='ltr'><strong>permisso</strong></span> <span class='ocrx_word' id='word_1_185' title='bbox 659 2547 773 2605; x_wconf 90' lang='lat' dir='ltr'><strong>nomine</strong></span> <span class='ocrx_word' id='word_1_186' title='bbox 785 2546 950 2605; x_wconf 86' lang='lat' dir='ltr'><strong>Acestam.&#39;’</strong></span> 
     </span>
     <span class='ocr_line' id='line_1_30' title="bbox 235 2627 833 2686; baseline -0.003 0"><span class='ocrx_word' id='word_1_187' title='bbox 235 2628 351 2686; x_wconf 79' lang='lat' dir='ltr'><strong>Talibus</strong></span> <span class='ocrx_word' id='word_1_188' title='bbox 364 2628 493 2686; x_wconf 89' lang='lat' dir='ltr'><strong>incensus</strong></span> <span class='ocrx_word' id='word_1_189' title='bbox 507 2627 590 2686; x_wconf 87' lang='lat' dir='ltr'><strong>dictis</strong></span> <span class='ocrx_word' id='word_1_190' title='bbox 604 2627 720 2685; x_wconf 88' lang='lat' dir='ltr'><strong>senioris</strong></span> <span class='ocrx_word' id='word_1_191' title='bbox 734 2627 833 2685; x_wconf 87' lang='lat' dir='ltr'><strong>amici:</strong></span> 
     </span>
     <span class='ocr_line' id='line_1_31' title="bbox 196 2706 913 2777; baseline 0 -13"><span class='ocrx_word' id='word_1_192' title='bbox 196 2708 271 2765; x_wconf 90' lang='lat' dir='ltr'><strong>Tum</strong></span> <span class='ocrx_word' id='word_1_193' title='bbox 285 2727 350 2766; x_wconf 89' lang='lat' dir='ltr'><strong>vero</strong></span> <span class='ocrx_word' id='word_1_194' title='bbox 363 2707 395 2764; x_wconf 90' lang='lat' dir='ltr'><strong>in</strong></span> <span class='ocrx_word' id='word_1_195' title='bbox 408 2727 488 2765; x_wconf 82' lang='lat' dir='ltr'><strong>curas</strong></span> <span class='ocrx_word' id='word_1_196' title='bbox 502 2707 629 2764; x_wconf 86' lang='lat' dir='ltr'><strong>animum</strong></span> <span class='ocrx_word' id='word_1_197' title='bbox 642 2706 785 2764; x_wconf 89' lang='lat' dir='ltr'><strong>diducitur</strong></span> <span class='ocrx_word' id='word_1_198' title='bbox 798 2726 913 2777; x_wconf 90' lang='lat' dir='ltr'><strong>omnes;</strong></span> 
     </span>
     <span class='ocr_line' id='line_1_32' title="bbox 195 2787 874 2864; baseline 0 -21"><span class='ocrx_word' id='word_1_199' title='bbox 195 2787 237 2844; x_wconf 83' lang='lat' dir='ltr'><strong>Et</strong></span> <span class='ocrx_word' id='word_1_200' title='bbox 251 2787 319 2845; x_wconf 82' lang='lat' dir='ltr'><strong>Nox</strong></span> <span class='ocrx_word' id='word_1_201' title='bbox 332 2791 394 2845; x_wconf 89' lang='lat' dir='ltr'><strong>atra</strong></span> <span class='ocrx_word' id='word_1_202' title='bbox 406 2787 503 2864; x_wconf 92' lang='lat' dir='ltr'><strong>polum</strong></span> <span class='ocrx_word' id='word_1_203' title='bbox 515 2787 589 2864; x_wconf 88' lang='lat' dir='ltr'><strong>bigis</strong></span> <span class='ocrx_word' id='word_1_204' title='bbox 603 2787 737 2845; x_wconf 87' lang='lat' dir='ltr'><strong>subvecta</strong></span> <span class='ocrx_word' id='word_1_205' title='bbox 749 2787 874 2844; x_wconf 89' lang='lat' dir='ltr'><strong>tenebat.</strong></span> 
     </span>
     <span class='ocr_line' id='line_1_33' title="bbox 190 2866 822 2943; baseline 0.002 -21"><span class='ocrx_word' id='word_1_206' title='bbox 190 2866 265 2924; x_wconf 66' lang='lat' dir='ltr'><strong>&#39;Visa</strong></span> <span class='ocrx_word' id='word_1_207' title='bbox 278 2866 379 2924; x_wconf 88' lang='lat' dir='ltr'><strong>dehinc</strong></span> <span class='ocrx_word' id='word_1_208' title='bbox 393 2867 462 2924; x_wconf 90' lang='lat' dir='ltr'><strong>coelo</strong></span> <span class='ocrx_word' id='word_1_209' title='bbox 476 2866 559 2924; x_wconf 88' lang='lat' dir='ltr'><strong>facies</strong></span> <span class='ocrx_word' id='word_1_210' title='bbox 573 2866 685 2942; x_wconf 87' lang='lat' dir='ltr'><strong>delapsa</strong></span> <span class='ocrx_word' id='word_1_211' title='bbox 696 2866 822 2943; x_wconf 85' lang='lat' dir='ltr'><strong>parentis</strong></span> 
     </span>
     <span class='ocr_line' id='line_1_34' title="bbox 196 2946 787 3004; baseline -0.002 -1"><span class='ocrx_word' id='word_1_212' title='bbox 196 2946 329 3004; x_wconf 85' lang='lat' dir='ltr'><strong>Anchisae</strong></span> <span class='ocrx_word' id='word_1_213' title='bbox 342 2946 437 3004; x_wconf 87' lang='lat' dir='ltr'><strong>subito</strong></span> <span class='ocrx_word' id='word_1_214' title='bbox 450 2946 521 3004; x_wconf 82' lang='lat' dir='ltr'><strong>tales</strong></span> <span class='ocrx_word' id='word_1_215' title='bbox 534 2946 676 3004; x_wconf 86' lang='lat' dir='ltr'><strong>effimdere</strong></span> <span class='ocrx_word' id='word_1_216' title='bbox 689 2965 787 3004; x_wconf 87' lang='lat' dir='ltr'><strong>voces:</strong></span> 
     </span>
     <span class='ocr_line' id='line_1_35' title="bbox 196 3023 940 3101; baseline -0.003 -19"><span class='ocrx_word' id='word_1_217' title='bbox 196 3030 212 3055; x_wconf 83' lang='lat'><strong><em>“</em></strong></span> <span class='ocrx_word' id='word_1_218' title='bbox 221 3026 308 3096; x_wconf 86' lang='lat' dir='ltr'><strong>Nate,</strong></span> <span class='ocrx_word' id='word_1_219' title='bbox 321 3025 393 3083; x_wconf 89' lang='lat' dir='ltr'><strong>mibi</strong></span> <span class='ocrx_word' id='word_1_220' title='bbox 405 3025 466 3083; x_wconf 86' lang='lat' dir='ltr'><strong>vita</strong></span> <span class='ocrx_word' id='word_1_221' title='bbox 479 3025 629 3101; x_wconf 88' lang='lat' dir='ltr'><strong>quondam,</strong></span> <span class='ocrx_word' id='word_1_222' title='bbox 642 3026 711 3082; x_wconf 92' lang='lat' dir='ltr'><strong>dum</strong></span> <span class='ocrx_word' id='word_1_223' title='bbox 724 3025 786 3082; x_wconf 87' lang='lat' dir='ltr'><strong>vita</strong></span> <span class='ocrx_word' id='word_1_224' title='bbox 798 3023 940 3094; x_wconf 85' lang='lat' dir='ltr'><strong>manebat,</strong></span> 
     </span>
     <span class='ocr_line' id='line_1_36' title="bbox 197 3104 821 3181; baseline -0.002 -20"><span class='ocrx_word' id='word_1_225' title='bbox 197 3105 267 3163; x_wconf 71' lang='lat' dir='ltr'><strong>(lare</strong></span> <span class='ocrx_word' id='word_1_226' title='bbox 280 3105 387 3181; x_wconf 82' lang='lat' dir='ltr'><strong>magis3</strong></span> <span class='ocrx_word' id='word_1_227' title='bbox 407 3108 482 3176; x_wconf 85' lang='lat' dir='ltr'><strong>nate,</strong></span> <span class='ocrx_word' id='word_1_228' title='bbox 497 3105 590 3163; x_wconf 79' lang='lat' dir='ltr'><strong>iliacis</strong></span> <span class='ocrx_word' id='word_1_229' title='bbox 605 3104 725 3162; x_wconf 84' lang='lat' dir='ltr'><strong>exercite</strong></span> <span class='ocrx_word' id='word_1_230' title='bbox 737 3104 821 3174; x_wconf 84' lang='lat' dir='ltr'><strong>fatis3</strong></span> 
     </span>
     <span class='ocr_line' id='line_1_37' title="bbox 197 3182 912 3261; baseline -0.003 -21"><span class='ocrx_word' id='word_1_231' title='bbox 197 3184 320 3261; x_wconf 87' lang='lat' dir='ltr'><strong>Imperio</strong></span> <span class='ocrx_word' id='word_1_232' title='bbox 335 3184 356 3241; x_wconf 87' lang='lat' dir='ltr'><strong>J</strong></span> <span class='ocrx_word' id='word_1_233' title='bbox 357 3184 417 3242; x_wconf 85' lang='lat' dir='ltr'><strong>ovis</strong></span> <span class='ocrx_word' id='word_1_234' title='bbox 430 3184 486 3242; x_wconf 90' lang='lat' dir='ltr'><strong>huc</strong></span> <span class='ocrx_word' id='word_1_235' title='bbox 499 3185 590 3256; x_wconf 83' lang='lat' dir='ltr'><strong>venio,</strong></span> <span class='ocrx_word' id='word_1_236' title='bbox 604 3184 654 3261; x_wconf 89' lang='lat' dir='ltr'><strong>qui</strong></span> <span class='ocrx_word' id='word_1_237' title='bbox 667 3184 801 3242; x_wconf 86' lang='lat' dir='ltr'><strong>classibus</strong></span> <span class='ocrx_word' id='word_1_238' title='bbox 814 3182 912 3259; x_wconf 91' lang='lat' dir='ltr'><strong>ignem</strong></span> 
     </span>
     <span class='ocr_line' id='line_1_38' title="bbox 196 3262 928 3340; baseline -0.003 -20"><span class='ocrx_word' id='word_1_239' title='bbox 196 3263 323 3340; x_wconf 88' lang='lat' dir='ltr'><strong>Depulit,</strong></span> <span class='ocrx_word' id='word_1_240' title='bbox 337 3266 367 3321; x_wconf 89' lang='lat' dir='ltr'><strong>et</strong></span> <span class='ocrx_word' id='word_1_241' title='bbox 380 3264 450 3321; x_wconf 90' lang='lat' dir='ltr'><strong>coelo</strong></span> <span class='ocrx_word' id='word_1_242' title='bbox 462 3265 578 3322; x_wconf 86' lang='lat' dir='ltr'><strong>tandem</strong></span> <span class='ocrx_word' id='word_1_243' title='bbox 592 3264 740 3322; x_wconf 86' lang='lat' dir='ltr'><strong>miseratus</strong></span> <span class='ocrx_word' id='word_1_244' title='bbox 754 3263 790 3321; x_wconf 90' lang='lat' dir='ltr'><strong>ab</strong></span> <span class='ocrx_word' id='word_1_245' title='bbox 803 3262 861 3319; x_wconf 84' lang='lat' dir='ltr'><strong>alto</strong></span> <span class='ocrx_word' id='word_1_246' title='bbox 875 3264 928 3318; x_wconf 89' lang='lat' dir='ltr'><strong>est.</strong></span> 
     </span>
     <span class='ocr_line' id='line_1_39' title="bbox 197 3342 904 3420; baseline -0.003 -20"><span class='ocrx_word' id='word_1_247' title='bbox 197 3343 327 3401; x_wconf 79' lang='lat' dir='ltr'><strong>Consiliis</strong></span> <span class='ocrx_word' id='word_1_248' title='bbox 340 3363 414 3420; x_wconf 86' lang='lat' dir='ltr'><strong>pare,</strong></span> <span class='ocrx_word' id='word_1_249' title='bbox 429 3363 490 3418; x_wconf 90' lang='lat' dir='ltr'><strong>quae</strong></span> <span class='ocrx_word' id='word_1_250' title='bbox 503 3364 578 3402; x_wconf 90' lang='lat' dir='ltr'><strong>nunc</strong></span> <span class='ocrx_word' id='word_1_251' title='bbox 591 3343 779 3420; x_wconf 86' lang='lat' dir='ltr'><strong>pulcherrima</strong></span> <span class='ocrx_word' id='word_1_252' title='bbox 792 3342 904 3399; x_wconf 84' lang='lat' dir='ltr'><strong>Nautes</strong></span> 
     </span>
     <span class='ocr_line' id='line_1_40' title="bbox 197 3420 897 3500; baseline -0.003 -21"><span class='ocrx_word' id='word_1_253' title='bbox 197 3424 257 3481; x_wconf 90' lang='lat' dir='ltr'><strong>Dat</strong></span> <span class='ocrx_word' id='word_1_254' title='bbox 271 3422 378 3481; x_wconf 87' lang='lat' dir='ltr'><strong>senior:</strong></span> <span class='ocrx_word' id='word_1_255' title='bbox 398 3422 487 3480; x_wconf 87' lang='lat' dir='ltr'><strong>lectos</strong></span> <span class='ocrx_word' id='word_1_256' title='bbox 496 3423 623 3500; x_wconf 85' lang='lat' dir='ltr'><strong>juvenes,</strong></span> <span class='ocrx_word' id='word_1_257' title='bbox 636 3422 792 3481; x_wconf 87' lang='lat' dir='ltr'><strong>fortissima</strong></span> <span class='ocrx_word' id='word_1_258' title='bbox 805 3420 897 3490; x_wconf 85' lang='lat' dir='ltr'><strong>corda,</strong></span> 
     </span>
     <span class='ocr_line' id='line_1_41' title="bbox 196 3498 971 3578; baseline -0.004 -19"><span class='ocrx_word' id='word_1_259' title='bbox 196 3503 284 3560; x_wconf 88' lang='lat' dir='ltr'><strong>Defer</strong></span> <span class='ocrx_word' id='word_1_260' title='bbox 296 3503 326 3560; x_wconf 91' lang='lat' dir='ltr'><strong>in</strong></span> <span class='ocrx_word' id='word_1_261' title='bbox 340 3501 464 3560; x_wconf 86' lang='lat' dir='ltr'><strong>Italiam.</strong></span> <span class='ocrx_word' id='word_1_262' title='bbox 507 3503 584 3561; x_wconf 78' lang='lat' dir='ltr'><strong>Gens</strong></span> <span class='ocrx_word' id='word_1_263' title='bbox 598 3504 668 3561; x_wconf 89' lang='lat' dir='ltr'><strong>dura</strong></span> <span class='ocrx_word' id='word_1_264' title='bbox 681 3506 766 3578; x_wconf 86' lang='lat' dir='ltr'><strong>atque</strong></span> <span class='ocrx_word' id='word_1_265' title='bbox 780 3519 877 3578; x_wconf 88' lang='lat' dir='ltr'><strong>aspera</strong></span> <span class='ocrx_word' id='word_1_266' title='bbox 890 3498 971 3557; x_wconf 91' lang='lat' dir='ltr'><strong>cultu</strong></span> 
     </span>
     <span class='ocr_line' id='line_1_42' title="bbox 196 3581 911 3641; baseline -0.001 -3"><span class='ocrx_word' id='word_1_267' title='bbox 196 3583 371 3640; x_wconf 85' lang='lat' dir='ltr'><strong>Debellanda</strong></span> <span class='ocrx_word' id='word_1_268' title='bbox 382 3582 437 3640; x_wconf 90' lang='lat' dir='ltr'><strong>tibi</strong></span> <span class='ocrx_word' id='word_1_269' title='bbox 451 3581 535 3640; x_wconf 88' lang='lat' dir='ltr'><strong>Latio</strong></span> <span class='ocrx_word' id='word_1_270' title='bbox 549 3585 601 3641; x_wconf 89' lang='lat' dir='ltr'><strong>est.</strong></span> <span class='ocrx_word' id='word_1_271' title='bbox 641 3582 720 3640; x_wconf 88' lang='lat' dir='ltr'><strong>Ditis</strong></span> <span class='ocrx_word' id='word_1_272' title='bbox 733 3585 831 3640; x_wconf 89' lang='lat' dir='ltr'><strong>tamen</strong></span> <span class='ocrx_word' id='word_1_273' title='bbox 844 3581 911 3638; x_wconf 85' lang='lat' dir='ltr'><strong>ante</strong></span> 
     </span>
     <span class='ocr_line' id='line_1_43' title="bbox 197 3660 863 3738; baseline 0 -21"><span class='ocrx_word' id='word_1_274' title='bbox 197 3662 325 3719; x_wconf 79' lang='lat' dir='ltr'><strong>infernas</strong></span> <span class='ocrx_word' id='word_1_275' title='bbox 339 3663 438 3720; x_wconf 87' lang='lat' dir='ltr'><strong>accede</strong></span> <span class='ocrx_word' id='word_1_276' title='bbox 451 3662 558 3733; x_wconf 88' lang='lat' dir='ltr'><strong>domos,</strong></span> <span class='ocrx_word' id='word_1_277' title='bbox 571 3665 601 3720; x_wconf 90' lang='lat' dir='ltr'><strong>et</strong></span> <span class='ocrx_word' id='word_1_278' title='bbox 613 3662 728 3720; x_wconf 82' lang='lat' dir='ltr'><strong>Averna</strong></span> <span class='ocrx_word' id='word_1_279' title='bbox 739 3681 790 3738; x_wconf 90' lang='lat' dir='ltr'><strong>per</strong></span> <span class='ocrx_word' id='word_1_280' title='bbox 803 3660 863 3718; x_wconf 86' lang='lat' dir='ltr'><strong>alta</strong></span> 
     </span>
    </p>
   </div>
   <div class='ocr_carea' id='block_1_3' title="bbox 195 3737 1046 3983">
    <p class='ocr_par' dir='ltr' id='par_1_3' title="bbox 195 3737 1046 3983">
     <span class='ocr_line' id='line_1_44' title="bbox 197 3737 1046 3819; baseline -0.008 -20"><span class='ocrx_word' id='word_1_281' title='bbox 197 3741 369 3819; x_wconf 73' lang='lat' dir='ltr'><strong>congressus</strong></span> <span class='ocrx_word' id='word_1_282' title='bbox 382 3744 456 3819; x_wconf 86' lang='lat' dir='ltr'><strong>pete,</strong></span> <span class='ocrx_word' id='word_1_283' title='bbox 470 3744 546 3812; x_wconf 90' lang='lat' dir='ltr'><strong>nate,</strong></span> <span class='ocrx_word' id='word_1_284' title='bbox 559 3762 645 3800; x_wconf 79' lang='lat' dir='ltr'><strong>meos</strong></span> <span class='ocrx_word' id='word_1_285' title='bbox 685 3742 754 3799; x_wconf 93' lang='lat' dir='ltr'><strong>Non</strong></span> <span class='ocrx_word' id='word_1_286' title='bbox 768 3760 814 3799; x_wconf 90' lang='lat' dir='ltr'><strong>me</strong></span> <span class='ocrx_word' id='word_1_287' title='bbox 826 3737 915 3815; x_wconf 88' lang='lat' dir='ltr'><strong>impia</strong></span> <span class='ocrx_word' id='word_1_288' title='bbox 927 3754 1046 3814; x_wconf 86' lang='lat' dir='ltr'><strong>namque</strong></span> 
     </span>
     <span class='ocr_line' id='line_1_45' title="bbox 197 3817 1016 3894; baseline -0.004 -16"><span class='ocrx_word' id='word_1_289' title='bbox 197 3821 316 3879; x_wconf 86' lang='lat' dir='ltr'><strong>Tartara</strong></span> <span class='ocrx_word' id='word_1_290' title='bbox 327 3822 443 3894; x_wconf 85' lang='lat' dir='ltr'><strong>habent,</strong></span> <span class='ocrx_word' id='word_1_291' title='bbox 456 3821 553 3879; x_wconf 87' lang='lat' dir='ltr'><strong>tristes</strong></span> <span class='ocrx_word' id='word_1_292' title='bbox 567 3823 675 3880; x_wconf 88' lang='lat' dir='ltr'><strong>umbrae</strong></span> <span class='ocrx_word' id='word_1_293' title='bbox 688 3845 695 3892; x_wconf 94' lang='lat'>;</span> <span class='ocrx_word' id='word_1_294' title='bbox 715 3821 765 3879; x_wconf 90' lang='lat' dir='ltr'><strong>sed</strong></span> <span class='ocrx_word' id='word_1_295' title='bbox 778 3838 890 3877; x_wconf 86' lang='lat' dir='ltr'><strong>amoena</strong></span> <span class='ocrx_word' id='word_1_296' title='bbox 902 3817 1016 3894; x_wconf 91' lang='lat' dir='ltr'><strong>piorum</strong></span> 
     </span>
     <span class='ocr_line' id='line_1_46' title="bbox 195 3897 930 3983; baseline -0.011 -22"><span class='ocrx_word' id='word_1_297' title='bbox 195 3902 327 3964; x_wconf 80' lang='lat' dir='ltr'><strong>Concilia</strong></span> <span class='ocrx_word' id='word_1_298' title='bbox 338 3903 530 3983; x_wconf 77' lang='lat' dir='ltr'><strong>Elysiumque</strong></span> <span class='ocrx_word' id='word_1_299' title='bbox 543 3901 616 3959; x_wconf 82' lang='lat' dir='ltr'><strong>colo.</strong></span> <span class='ocrx_word' id='word_1_300' title='bbox 648 3900 723 3956; x_wconf 66' lang='lat' dir='ltr'><strong>llus</strong></span> <span class='ocrx_word' id='word_1_301' title='bbox 734 3903 814 3956; x_wconf 68' lang='lat' dir='ltr'><strong>caste</strong></span> <span class='ocrx_word' id='word_1_302' title='bbox 819 3897 930 3972; x_wconf 58' lang='lat' dir='ltr'><strong>stqu</strong></span> 
     </span>
    </p>
   </div>
   <div class='ocr_carea' id='block_1_4' title="bbox 193 3974 934 4075">
    <p class='ocr_par' dir='ltr' id='par_1_4' title="bbox 193 3974 934 4075">
     <span class='ocr_line' id='line_1_47' title="bbox 193 3974 934 4075; baseline -0.028 -29"><span class='ocrx_word' id='word_1_303' title='bbox 193 3986 364 4067; x_wconf 76' lang='lat' dir='ltr'><strong>Nigrorum</strong></span> <span class='ocrx_word' id='word_1_304' title='bbox 376 3986 476 4046; x_wconf 90' lang='lat' dir='ltr'><strong>multo</strong></span> <span class='ocrx_word' id='word_1_305' title='bbox 486 3981 636 4062; x_wconf 84' lang='lat' dir='ltr'><strong>pecudum</strong></span> <span class='ocrx_word' id='word_1_306' title='bbox 643 3980 678 4037; x_wconf 82' lang='lat' dir='ltr'><strong>te</strong></span> <span class='ocrx_word' id='word_1_307' title='bbox 688 3976 829 4075; x_wconf 64' lang='lat' dir='ltr'><strong>sanguine</strong></span> <span class='ocrx_word' id='word_1_308' title='bbox 838 3974 934 4028; x_wconf 67' lang='lat' dir='ltr'><strong>ducet.</strong></span> 
     </span>
    </p>
   </div>
   <div class='ocr_carea' id='block_1_5' title="bbox 0 0 1228 4260">
    <p class='ocr_par' dir='ltr' id='par_1_5' title="bbox 0 0 1228 4260">
     <span class='ocr_line' id='line_1_48' title="bbox 0 0 1228 4260; baseline 0 0"><span class='ocrx_word' id='word_1_309' title='bbox 0 0 1228 4260; x_wconf 95' lang='lat' dir='ltr'><strong> </strong></span> 
     </span>
    </p>
   </div>
  </div>
 </body>
</html>
