2446 4260
195 212 254 271 130
499 226 526 267 r.
539 224 679 268 vrnernn
698 223 840 267 morus

196 366 307 427 Moenia
320 367 531 427 Dardanidum!
552 371 652 446 quater
664 366 726 445 ipso
738 367 770 425 iu
782 367 879 426 limine
892 371 985 445 portae

197 447 342 519 Substitit,
356 451 441 524 atque
454 451 536 507 utero
549 449 676 506 sonitum
688 451 788 524 quater
801 467 880 505 arma
892 449 1002 508 dedere.

195 527 343 586 Instemus
355 530 453 586 tamen
465 528 643 587 immemores
656 527 779 604 caecique
792 527 895 601 surore,

197 607 240 665 Ilt
252 610 413 665 monstrum
425 607 523 666 infelix
536 611 645 666 sacrata
657 607 784 666 sistimus
797 627 869 666 arce.

197 686 278 745 Tunc
291 687 379 744 etiam
391 686 460 745 fatis
474 687 564 764 aperit
578 686 735 746 Cassandra
746 686 851 745 futuris

197 765 263 838 Ora,
277 765 322 824 dei
330 766 414 843 jussu
425 787 483 825 non
495 788 621 845 unquam
634 766 741 825 eredita
753 766 877 825 Teucris.

197 845 261 904 Nos
275 845 390 904 delubra
403 846 485 905 deum
499 847 602 918 miseri,
616 846 717 924 quibus
730 845 849 904 ultimus
862 848 938 905 esset

198 925 253 984 Ille
267 925 334 997 dies,
347 925 421 984 festa
433 925 558 984 velamus
571 926 670 985 fronde
683 946 732 1003 per
745 926 854 984 urbem

198 1004 330 1064 Vertitur
342 1005 451 1063 interea
463 1007 573 1078 coelum,
588 1009 618 1064 et
630 1006 689 1064 ruit
703 1025 806 1064 oceano
819 1025 885 1076 nox,

199 1083 353 1142 Involvens
366 1085 467 1143 umbra
479 1105 584 1163 magna
596 1089 757 1163 terramque
769 1084 931 1162 polumque,

200 1163 472 1242 Myrmidonumque
485 1165 580 1236 dolos3
600 1165 656 1223 fusi
668 1184 718 1242 per
730 1164 836 1223 moenia
848 1164 953 1222 Teucri

200 1242 384 1316 Conticuere;
404 1264 488 1321 sopor
499 1245 586 1303 fessos
599 1244 798 1322 complectitur
810 1247 898 1302 artus.

239 1323 307 1381 “Et
315 1323 377 1402 jam
390 1324 499 1402 Argiva
510 1324 634 1402 phalanx
646 1323 794 1382 instructis
806 1323 927 1391 navibus
940 1323 1001 1382 ibat

198 1403 227 1460 A
239 1403 362 1475 Tenedo,
375 1404 471 1462 taoitae
483 1424 534 1481 per
547 1405 638 1463 amica
650 1404 764 1462 silentia
777 1403 851 1461 lunae

200 1481 301 1541 Litora
313 1486 383 1541 nota
395 1487 494 1560 petens
504 1509 511 1556 ;
530 1484 657 1542 flammas
671 1504 760 1561 quum
771 1483 850 1561 regia
862 1482 965 1560 puppis

201 1562 362 1636 Extulerat,
375 1563 497 1640 fatisque
511 1563 596 1622 deum
608 1564 738 1622 defensus
751 1563 864 1640 iniquis,

201 1641 330 1701 Inclusus
343 1645 425 1701 utero
438 1644 552 1702 Danaos
566 1646 596 1701 et
609 1643 693 1720 pinea
703 1643 805 1700 furtim

201 1720 294 1779 Laxat
307 1722 429 1780 claustra
442 1723 538 1782 Sinon.
578 1723 648 1781 Illos
660 1723 819 1800 patefactus
833 1721 869 1780 ad
882 1741 964 1780 auras

202 1801 310 1859 Reddit
324 1822 428 1879 equus3
447 1803 560 1879 laetique
573 1823 641 1861 cavo
656 1823 685 1860 se
698 1802 798 1861 robore
810 1805 947 1878 promunt

202 1880 396 1939 Thessandrus
410 1882 615 1960 Sthenelusque
628 1882 721 1954 duces,
734 1885 764 1940 et
778 1881 855 1939 dirus
868 1881 977 1952 Ulixes,

203 1960 367 2018 Demissum
379 1961 451 2038 lapsi
462 1982 512 2039 per
524 1963 629 2034 funem,
642 1964 827 2039 Acamasque,
841 1961 1000 2039 Thoasque,

203 2039 368 2117 Pelidesque
382 2041 596 2118 Neoptolemus,
609 2042 772 2119 primusque
785 2041 938 2113 Machaon,

204 2118 246 2177 Et
260 2119 416 2192 Menelaus,
430 2124 460 2180 et
472 2121 532 2198 ipse
546 2121 603 2180 doli
615 2121 767 2180 fabricator
779 2121 883 2198 Epeos.

204 2199 351 2258 Invadunt
363 2201 463 2259 urbem
476 2221 575 2259 somno
587 2200 709 2278 vinoque
720 2201 879 2277 sepultam

205 2277 363 2337 Oaeduntur
374 2280 482 2357 vigiles,
495 2281 640 2358 portisque
653 2281 817 2357 patentibus
830 2299 928 2338 omnes

205 2358 358 2435 Accipiunt
372 2360 469 2432 socios,
483 2364 568 2437 atque
581 2361 695 2438 agmina
708 2359 819 2418 conseia
827 2358 965 2436 juugrmt.

245 2439 394 2516 “Tempus
408 2443 477 2511 erat,
491 2460 547 2516 quo
559 2441 651 2517 prima
664 2440 742 2517 quies
755 2439 924 2497 mortalibus
937 2438 1020 2516 aegris

205 2516 322 2594 Incipit,
336 2523 365 2577 et
379 2520 452 2577 dono
466 2520 564 2577 divum
577 2520 738 2597 gratissima
751 2518 847 2596 serpit.

205 2596 243 2654 In
256 2599 370 2671 somnis,
384 2619 455 2670 eece,
469 2603 535 2657 ante
549 2599 644 2657 oculos
657 2598 852 2657 maestissimus
866 2597 979 2656 Hector

206 2675 291 2736 Visus
305 2678 400 2738 adesse
412 2679 493 2751 mihi,
505 2679 653 2756 largosque
666 2679 807 2737 effundere
820 2678 914 2749 fletus,

207 2756 351 2834 Raptatus
364 2759 437 2837 bigis
450 2762 485 2817 ut
498 2759 647 2836 quondam,
662 2762 776 2836 aterque
790 2760 908 2816 cruento

207 2835 335 2909 Pulvere,
349 2859 452 2916 perque
465 2839 549 2916 pedes
562 2839 697 2916 trajectus
710 2839 770 2896 lora
781 2839 937 2895 tumentes.

207 2915 267 2974 Hei
279 2916 359 2990 mihi,
373 2919 462 2995 qualis
476 2919 551 2977 erat!
572 2921 710 2995 quantum
724 2920 853 2975 mutatus
866 2916 964 2975 abillo

207 2995 342 3068 Hectore,
356 2997 405 3074 qui
417 2998 492 3056 redit
505 2998 619 3056 exuvias
632 2997 750 3055 indutus
763 2996 877 3067 Achilli,

207 3073 261 3134 Vel
274 3076 406 3134 Danaum
420 3077 562 3155 Phrygios
571 3076 713 3154 jaculatus
726 3077 866 3154 puppibus
879 3075 976 3152 ignes!

208 3153 389 3233 Squalentem
402 3158 526 3229 barbam,
540 3160 570 3215 et
583 3161 728 3215 concretos
741 3156 877 3234 sanguine
891 3155 989 3225 crines,

207 3235 387 3314 Vulneraque
399 3237 448 3295 illa
460 3257 569 3314 gerens,
584 3258 645 3314 quae
659 3237 765 3294 circum
777 3235 900 3313 plurima
911 3254 1008 3292 muros

207 3315 328 3393 Accepit
340 3316 455 3393 patrios.
495 3317 581 3374 Ultro
593 3317 663 3375 flens
677 3317 737 3394 ipse
749 3316 864 3373 videbar

209 3395 382 3473 Compellare
395 3396 497 3468 virum,
510 3400 540 3454 et
553 3400 666 3455 maestas
680 3415 840 3473 expromere
853 3413 952 3452 voces:

208 3475 251 3533 ‘0
264 3475 313 3533 lux
326 3475 485 3547 Dardaniae,
499 3496 561 3553 spes
575 3497 592 3534 o
605 3476 742 3534 fidissima
754 3476 903 3544 Teucrum,

209 3555 279 3627 Quae
291 3559 381 3613 tantae
394 3558 511 3613 tenuere
524 3554 634 3614 morae?
655 3556 756 3632 quibus
771 3553 883 3612 Hector
896 3553 932 3610 ab
946 3550 1002 3610 oris

208 3635 381 3714 Exspectate
393 3633 496 3694 venis?
516 3637 550 3692 ut
563 3638 593 3693 te
606 3639 671 3711 post
684 3634 777 3692 multa
789 3636 905 3692 tuorum

208 3714 329 3787 Funera,
343 3722 408 3792 post
420 3714 512 3773 varios
525 3714 729 3791 hominumque
741 3714 874 3790 urbisque
885 3711 995 3769 labores

209 3795 320 3855 Defessi
333 3796 497 3873 aspicimus!
519 3815 580 3872 quae
594 3814 677 3852 causa
688 3795 807 3871 indigna
820 3812 931 3851 serenos

209 3874 342 3935 Toedavit
355 3874 476 3934 vultus?
497 3878 548 3933 aut
561 3894 611 3932 cur
623 3874 683 3932 haec
696 3875 814 3932 vulnera
826 3891 909 3931 cerno
920 3870 943 3929 θ’

210 3955 263 4014 Ille
276 3955 364 4026 uihil;
384 3975 436 4014 nec
449 3975 495 4013 me
509 3957 687 4034 quaerentem
699 3974 773 4013 vana
785 3955 930 4011 moratur:
