2446 4260
205 217 263 274 112
421 242 424 246 ⁴
508 232 535 273 r.
549 231 689 274 vraerm
703 231 845 276 nraonrs

244 372 345 444 Dixit3
364 375 394 432 et
407 376 536 433 avertens
549 394 629 433 rosea
641 374 747 434 cervice
759 375 880 448 refulsit,

205 453 419 531 Ambrosiasque
432 474 519 512 cornae
533 454 662 512 divinum
674 455 780 514 vertice
793 456 910 515 odorem

206 534 366 612 spiravere:
386 534 470 611 pedes
484 534 571 592 vestis
585 533 702 592 defluxit
716 535 752 592 ad
763 535 853 607 imos;

205 613 249 671 Et
260 633 326 672 vera
339 613 450 672 incessu
462 613 557 690 patuit
570 614 630 672 dea.
671 614 725 672 Ille
737 615 788 673 ubi
800 617 924 674 matrem

204 693 342 771 Agnovit,
355 693 407 751 tali
420 693 578 771 fugientem
591 696 635 752 est
648 713 717 752 voce
730 700 860 753 secutus:

204 773 307 845 “Quid
319 776 420 831 natum
433 773 521 832 toties
535 773 654 832 crudelis
667 775 703 830 tu
715 793 826 851 quoque
838 773 917 832 falsis

204 851 294 911 Ludis
307 851 501 930 imaginibus?
521 873 572 911 cur
585 853 692 912 dextrae
702 853 822 931 jungere
834 854 965 912 dextram

205 931 274 991 Non
287 932 380 1004 datur,
394 953 425 991 ac
438 953 518 991 veras
532 932 628 990 audire
641 935 671 991 et
683 933 799 991 reddere
811 952 894 992 voces
904 932 939 992 ?'’

206 1011 322 1071 Talibus
334 1012 455 1084 incusat,
464 1032 647 1091 gressumque
661 1012 697 1070 ad
710 1012 816 1071 moenia
827 1012 933 1071 tendit.

205 1092 248 1150 At
261 1091 358 1150 Venus
371 1093 489 1151 obscuro
502 1092 663 1170 gradientes
676 1095 741 1150 aere
754 1091 850 1169 sepsit,

206 1172 248 1230 Et
261 1171 353 1230 multo
367 1171 475 1231 nebula
487 1172 593 1230 circum
606 1173 658 1231 dea
670 1171 746 1230 fudit
759 1171 875 1245 amictu,

206 1249 326 1310 Cernere
339 1271 374 1310 ne
388 1250 450 1329 quis
463 1272 519 1324 eos,
532 1272 590 1310 neu
602 1251 664 1327 quis
679 1251 842 1330 contingere
854 1254 961 1329 posset,

205 1330 339 1389 Molirive
352 1351 469 1404 moram,
484 1334 534 1390 aut
547 1331 678 1390 veniendi
690 1351 804 1408 poscere
817 1351 923 1391 causas.

205 1409 274 1488 Ipsa
288 1411 419 1488 Paphum
433 1410 560 1469 sublimis
574 1411 643 1482 abit,
657 1411 790 1487 sedesque
802 1411 901 1470 revisit

206 1490 289 1549 Iaaeta
301 1511 374 1562 suas,
387 1491 437 1549 ubi
449 1491 589 1568 templum
602 1490 653 1562 illi,
667 1494 837 1567 centumque
851 1491 952 1550 Sabaeo

207 1570 305 1628 Thura
318 1570 411 1628 calent
424 1591 487 1644 arae,
501 1571 639 1647 sertisque
652 1569 812 1629 recentibus
824 1570 934 1628 halant.

246 1648 412 1727 Corripuere
424 1651 501 1709 riam
513 1650 630 1721 interea,
644 1669 700 1727 qua
712 1649 814 1708 semita
826 1653 978 1710 monstrat.

208 1729 331 1807 Jamque
344 1731 531 1790 ascendebam
545 1730 653 1800 collem,
667 1729 715 1806 qui
727 1729 866 1806 plurimus
880 1731 946 1789 urbi

208 1808 347 1868 Imminet
360 1810 544 1885 adversasque
557 1812 684 1886 aspectat
698 1809 815 1886 desuper
828 1829 915 1868 arces.

208 1888 335 1946 Miratur
347 1889 451 1948 molem
463 1890 576 1960 AEneas,
590 1888 713 1966 magalia
726 1889 885 1966 quondam

208 1968 335 2027 Miratur
347 1972 452 2046 portas,
466 1969 673 2046 strepitumque
686 1970 716 2026 et
729 1971 821 2027 stata
832 1968 953 2027 viarum.

208 2047 327 2106 Instant
340 2049 469 2107 ardentes
482 2048 579 2126 Tyrii:
600 2068 664 2125 pars
678 2048 778 2106 ducere
790 2068 896 2121 muros,

208 2127 362 2205 Molirique
375 2148 476 2200 arcem,
490 2131 520 2186 et
532 2128 662 2187 manibus
675 2127 839 2187 subvolvere
852 2148 936 2202 saxa3

209 2207 280 2266 Pars
294 2210 392 2285 optare
403 2207 498 2266 locum
509 2210 598 2279 tecto,
611 2210 641 2265 et
655 2207 819 2266 concludere
831 2206 909 2267 sulco
920 2233 927 2281 3

209 2287 231 2344 J
231 2308 283 2345 ura
295 2287 534 2365 magistratusque
547 2287 657 2365 legunt,
670 2289 854 2364 sanctumque
868 2290 1015 2359 senatum3

209 2367 269 2425 Hic
282 2370 381 2444 portus
395 2367 443 2425 alii
456 2367 611 2438 effodiunt3
630 2365 677 2424 hic
691 2367 750 2424 alta
762 2366 883 2426 theatris

209 2447 410 2506 Fundamenta
421 2446 518 2505 locant
531 2447 586 2517 alii,
599 2447 792 2523 immanesque
804 2446 949 2506 columnas

210 2526 341 2604 Rupibus
355 2527 497 2598 excidunt,
511 2526 601 2584 scenis
614 2526 715 2584 deeora
727 2525 786 2583 alta
797 2525 919 2586 futrnis:

209 2606 307 2678 Qualis
320 2627 385 2684 apes
398 2610 497 2665 aestate
510 2626 584 2665 nova
596 2625 646 2682 per
658 2606 744 2664 florea
755 2625 822 2663 rura

210 2686 334 2745 Exercet
348 2688 399 2746 sub
413 2687 471 2745 sole
484 2686 572 2758 labor,
586 2705 675 2762 quum
687 2684 781 2763 gentis
795 2685 907 2744 adultos

210 2765 348 2825 Educunt
361 2767 444 2838 fetus,
459 2770 509 2824 aut
523 2786 612 2843 quum
623 2764 761 2842 liquentia
773 2765 858 2823 mella

211 2845 335 2922 Stipant,
349 2849 379 2904 et
392 2846 468 2904 dulci
481 2845 649 2904 distendunt
661 2847 775 2903 nectare
788 2844 888 2916 cellas3

210 2926 273 2984 Aut
287 2946 371 2985 onera
384 2925 525 3003 accipiunt
537 2925 711 2995 venientum,
726 2927 776 2982 aut
789 2925 903 3002 agmine
915 2923 993 2982 facto

212 3004 356 3083 Ignavum
368 3005 447 3064 fucos
460 3025 545 3082 pecus
559 3025 576 3063 a
588 3004 757 3082 praesepibus
771 3007 887 3062 arcent:

211 3085 317 3144 Fervet
331 3105 409 3163 opus,
423 3084 606 3162 redolentque
619 3084 722 3162 thymo
735 3082 891 3161 fragrantia
903 3083 996 3142 mella.

210 3168 228 3195 “
239 3164 264 3222 Ο
277 3165 425 3236 fortunati,
439 3184 559 3242 quorum
567 3164 629 3242 jam
641 3163 747 3221 moenia
759 3164 881 3241 surgrmt
890 3163 917 3221 l’'

212 3244 317 3303 AEneas
331 3245 380 3316 ait,
394 3247 424 3303 et
437 3245 551 3322 fastigia
563 3243 682 3321 suspicit
695 3242 781 3301 urbis.
898 3295 900 3300 .

212 3323 307 3383 Infert
320 3345 349 3382 se
363 3327 459 3402 septus
472 3324 583 3396 nebula,
597 3323 724 3382 mirabile
737 3323 825 3394 dictu,

212 3403 269 3463 Per
282 3404 398 3476 medios,
411 3404 566 3482 miscetque
578 3403 663 3475 viris3
682 3422 774 3480 neque
786 3400 911 3461 cernitur
923 3401 985 3459 ulli.

251 3482 347 3543 Lucus
360 3484 391 3542 in
404 3484 473 3542 urbe
485 3483 541 3542 fuit
554 3483 655 3555 media,
668 3482 829 3540 latissimus
841 3481 976 3554 umbrae.-

213 3564 277 3636 Quo
290 3565 413 3642 primum
422 3563 525 3642 jactati
537 3562 621 3620 undis
635 3565 664 3621 et
677 3561 792 3621 turbine
805 3560 889 3620 Poeni

212 3643 345 3702 Effodere
357 3644 418 3703 loco
433 3643 555 3721 signum,
569 3643 644 3718 quod
656 3642 735 3720 regia
747 3641 769 3699 J
770 3660 827 3699 uno

213 3723 401 3797 Monstrarat,
414 3726 500 3801 caput
513 3721 584 3781 acris
598 3721 679 3799 equi;
699 3722 739 3780 sio
752 3741 819 3779 nam
832 3720 892 3778 fore
904 3719 979 3778 bello

213 3803 369 3881 Egregiam
382 3807 412 3863 et
424 3803 536 3862 facilem
548 3801 629 3860 victu
640 3821 690 3879 per
703 3801 803 3859 saecula
815 3803 940 3878 gentem.

214 3883 273 3941 Hic
286 3885 426 3961 templum
440 3883 462 3941 J
462 3881 550 3941 unoni
562 3882 663 3959 ingens
677 3880 792 3939 Sidonia
805 3879 882 3938 Dido

215 3961 371 4037 Condebat,
385 3963 466 4022 donis
479 3963 645 4040 opulentum
659 3963 689 4020 et
702 3959 819 4018 numine
832 3959 921 4031 divae3
