2370 4260
458 132 600 175 AEHIDOS
613 132 676 175 ΗΒ.
689 131 719 173 V.

113 272 219 354 Digna
230 275 334 336 dabis?
353 274 474 354 primam
486 274 578 334 merui
590 275 640 353 qui
651 275 735 333 laude
747 293 888 349 coronam,

115 352 163 412 Ni
176 377 231 430 me,
244 377 306 434 quae
320 356 436 427 Salium,
450 356 565 414 fortuna
577 355 693 414 inimica
704 353 819 412 tulisset
828 355 856 413 :'’

116 432 163 492 Et
178 436 261 495 simul
274 437 320 494 his
334 436 417 494 dictis
430 435 530 494 faciem
544 435 716 505 ostentabat,
731 437 760 493 et
773 434 830 492 udo

117 512 229 593 Turpia
240 516 368 575 membra
380 515 456 574 fimo.
497 514 575 572 Risit
588 518 670 591 pater
683 514 808 591 optimus
821 513 878 588 olli,

118 591 164 651 Et
179 596 298 673 clipeum
311 595 403 654 efferri
411 594 507 672 jussit,
520 593 709 672 Didymaonis
723 597 807 666 artes,

119 671 251 752 Neptuni
264 696 343 735 sacro
356 675 464 733 Danais
477 674 512 733 de
524 677 607 751 poste
619 674 748 732 refixum.

121 750 192 812 Hoc
199 755 332 833 juvenem
344 754 490 832 egregium
502 753 652 830 praestanti
664 773 781 812 munere
793 752 890 811 donat.

162 832 241 908 Post,
254 835 304 894 ubi
317 834 438 894 confecti
451 853 558 905 cursus,
571 837 601 891 et
615 833 689 892 dona
701 833 827 910 peregit:

124 913 138 940 “
147 911 242 988 Nunc,
256 915 280 973 si
294 915 340 974 cui
351 914 444 972 virtus
458 913 624 990 animusque
636 913 667 971 in
680 916 795 990 pectore
807 931 934 990 presens

125 989 219 1066 Adsit,
230 998 259 1053 et
272 994 392 1053 evinctis
406 993 522 1052 attollat
534 992 794 1070 brachiapaimis.''

127 1068 174 1128 Sic
189 1073 232 1143 ait,
245 1077 275 1133 et
287 1074 434 1152 geminum
446 1093 548 1155 pugnae
561 1073 695 1150 proponit
708 1072 861 1131 honorem:

127 1147 233 1211 Victori
244 1154 371 1213 velatum
384 1173 452 1212 auro
464 1152 602 1229 vittisque
610 1153 781 1230 juvencum3

129 1227 231 1291 Eusem
243 1237 328 1311 atque
341 1233 483 1310 insignem
496 1232 615 1310 galeam,
629 1231 731 1290 solatia
742 1231 829 1290 victo.

130 1305 193 1369 Nec
203 1333 292 1387 mora3
312 1313 448 1373 continuo
461 1311 549 1370 vastis
563 1333 628 1370 cum
641 1311 748 1369 viribus
762 1311 843 1370 effert

133 1384 191 1448 Ora
200 1391 291 1465 Dares,
304 1411 465 1471 magnoque
478 1392 572 1449 virum
585 1412 615 1450 se
628 1411 773 1449 murmure
785 1390 881 1464 tollit3

134 1464 210 1528 Solus
220 1474 267 1549 qui
280 1472 413 1532 Paridem
426 1471 526 1530 solitus
539 1470 709 1530 contendere
722 1472 830 1542 contra,

135 1541 260 1628 Idemque
273 1553 310 1611 ad
322 1553 476 1624 tumulum,
489 1572 545 1628 quo
558 1551 699 1609 maximus
712 1551 832 1609 occubat
846 1547 966 1621 Hector,

137 1621 268 1690 Victorem
280 1633 379 1691 Buten
391 1631 510 1690 immani
523 1651 646 1709 corpore,
659 1630 709 1706 qui
721 1648 751 1688 se

139 1700 263 1787 Bebrycia
274 1712 389 1771 veniens
403 1712 507 1790 Amyci
520 1711 554 1769 de
568 1713 654 1787 gente
667 1710 784 1780 serebat,

141 1779 258 1863 Perculit,
271 1795 302 1851 et
314 1792 394 1850 fulva
405 1790 606 1849 moribundum
620 1789 749 1848 extendit
762 1806 855 1846 arena

143 1858 207 1924 Talis
216 1871 305 1948 prima
317 1871 408 1930 Dares
422 1874 507 1948 caput
520 1870 611 1928 altum
624 1869 654 1926 iu
667 1868 766 1946 proelia
778 1867 865 1939 tollit,

146 1938 312 2029 Ostenditque
324 1951 458 2009 humeros
470 1950 552 2020 latos,
566 1949 729 2026 alternaque
737 1948 831 2026 jactat

146 2015 247 2088 Brachia
257 2031 439 2108 protendens,
452 2032 482 2088 et
495 2030 625 2087 verberat
637 2028 742 2086 ictibus
755 2047 845 2085 auras.

148 2097 265 2169 taran
277 2111 345 2169 huic
359 2110 447 2168 alius:
467 2128 519 2167 nee
533 2108 682 2186 quisquam
696 2128 729 2166 ex
743 2107 856 2184 agmine
868 2108 951 2164 tauto

148 2179 224 2247 Audet
235 2191 310 2249 adire
323 2190 425 2260 virum,
438 2189 624 2263 manibusque
637 2188 769 2245 inducere
783 2189 886 2245 cestus.

148 2254 209 2339 Ergo
220 2271 323 2341 alacris,
338 2273 510 2346 cunctosque
523 2272 628 2346 putans
641 2267 773 2326 excedere
785 2267 887 2343 palma,

148 2335 226 2406 AEueae
239 2351 321 2409 stetit
335 2352 402 2408 ante
414 2348 515 2427 pedes3
535 2368 587 2406 nec
599 2348 680 2425 plura
697 2349 833 2416 moratus,

148 2412 206 2482 Tum
216 2427 283 2488 laeva
295 2433 412 2488 taurum
425 2449 512 2488 cornu
524 2430 614 2499 tenet,
628 2430 714 2504 atque
726 2427 769 2484 ita
781 2426 873 2483 fatur:

148 2496 231 2566 “Nate
243 2511 302 2582 dea,
316 2509 341 2568 si
354 2528 438 2567 nemo
451 2508 537 2567 audet
551 2527 581 2566 se
594 2506 705 2566 credere
717 2525 829 2583 pugnae,

148 2572 202 2645 Qud
212 2587 272 2647 finis
285 2587 404 2647 standi?
425 2608 481 2666 quo
494 2607 540 2645 me
554 2587 635 2646 decet
648 2606 737 2663 usque
750 2582 865 2643 teneri?

148 2649 238 2725 ldicere
249 2670 324 2728 dona
332 2669 430 2747 jube.'’
473 2667 578 2725 Cuncti
591 2666 676 2724 simui
689 2686 736 2724 ore
749 2664 908 2722 fremebant

147 2727 304 2829 Iiffrdauidae,
317 2748 452 2825 reddique
464 2748 526 2806 viro
539 2747 677 2823 promissa
685 2745 834 2823 jubebant.

147 2807 194 2878 Hu
205 2829 292 2902 grava
306 2828 456 2886 ananum
469 2827 553 2885 dietis
567 2827 690 2903 carga
703 2826 829 2895 Acestes,

147 2886 277 2966 Proximus
290 2911 325 2966 ut
339 2908 479 2965 viridante
492 2908 557 2965 toro
571 2907 735 2964 consederat
748 2904 862 2961 herbae:

147 2971 275 3059 “Entelle,
288 2988 409 3047 heroum
422 2987 565 3064 quondam
577 2985 730 3044 fortissime
744 2984 858 3056 frustra,

147 3045 256 3125 Tantane
269 3070 331 3126 tam
344 3068 456 3145 patiens
468 3067 547 3125 nullo
559 3065 714 3124 certamine
727 3063 792 3122 tolli

145 3123 217 3201 Dona
227 3147 322 3207 sines?
342 3147 392 3205 ubi
404 3167 481 3205 nunc
493 3146 575 3205 nobis
589 3147 657 3204 deus
670 3145 725 3215 ille,
739 3143 876 3220 magister

144 3202 328 3305 qumdquam
341 3229 523 3297 memoratam,
537 3224 643 3303 Eryx?
663 3224 713 3282 ubi
726 3223 802 3281 fama
813 3242 864 3300 per
877 3240 990 3281 omnem

143 3282 312 3379 Timandram,
325 3309 355 3365 et
369 3306 459 3384 spolia
471 3306 521 3363 illa
533 3305 591 3364 tuis
605 3303 758 3383 pendentia
770 3302 856 3361 tectis
865 3300 900 3360 ?”

141 3361 189 3430 ffle
204 3386 249 3443 sub
262 3387 338 3446 haec:
360 3391 376 3418 “
385 3386 454 3445 Non
467 3385 558 3444 laudis
572 3405 659 3456 amor,
673 3403 725 3442 nec
739 3383 829 3461 gloria
842 3379 927 3440 cessit

139 3438 222 3518 Pulsa
231 3471 325 3538 metu;
345 3467 395 3525 sed
408 3466 485 3525 euim
498 3465 610 3543 gelidus,
620 3464 754 3523 tardante
767 3464 880 3521 senecta

137 3519 251 3616 §angulis
263 3548 358 3618 hebet,
371 3546 532 3624 frigentque
546 3546 638 3603 effetas
651 3544 682 3602 in
696 3562 811 3620 corpore
823 3540 906 3598 vires.

135 3598 159 3660 sl
174 3619 253 3697 mihi,
267 3647 329 3704 quae
342 3627 484 3704 quondam
497 3626 598 3696 fuerat,
612 3643 722 3701 quaque
735 3620 879 3698 improbus
892 3619 947 3676 iste

131 3675 266 3764 Exsultat
278 3707 377 3776 fidens,
391 3706 416 3764 si
428 3725 504 3763 nunc
517 3705 591 3763 foret
603 3704 654 3762 illa
661 3704 812 3782 juventas3

123 3753 220 3885 ξθῑζᾶ
230 3787 354 3859 equidem
364 3785 461 3861 pretio
473 3785 612 3846 inductus
624 3784 806 3866 pulchroque
817 3781 943 3864 iuuenco

138 3856 278 3919 Onusam:
296 3881 352 3920 nee
365 3864 441 3924 dona
453 3869 586 3928 moror.''
630 3868 682 3931 Sic
696 3868 804 3932 deinde
816 3867 943 3933 ioautus
