2446 4260
135 219 196 279 890
441 226 624 271 arrasum
644 224 787 269 uanours
852 276 853 280 Ἰ

137 375 180 434 Et
188 374 325 452 juvenem
338 391 454 431 exosum
466 370 658 448 nequidquam
670 367 746 428 bella
758 367 909 430 Menoeten

138 454 266 513 Arcada:
286 453 404 530 piscosae
418 450 464 510 oui
477 452 583 509 circum
595 448 715 507 flumina
727 448 831 508 Lerna

137 535 194 592 Ars
208 533 310 604 fuerat,
323 550 484 609 pauperque
498 531 616 601 domus3
635 548 688 588 nec
701 531 772 588 nota
783 533 938 607 potentum

139 613 270 683 Limina;
291 611 486 686 conductaque
499 613 581 687 pater
593 609 696 667 tellure
709 609 830 668 serebat.

138 694 182 751 Ac
195 692 275 751 velut
288 689 409 749 immissi
422 689 538 748 diversis
551 689 681 766 partibus
693 689 775 766 ignes

139 773 278 831 Arentem
291 771 322 828 in
336 769 437 828 silvam
449 772 480 827 et
493 769 620 846 virgulta
632 768 764 827 sonantia
776 767 874 842 lauro;
977 802 981 813 ·

138 853 201 909 Aut
214 851 264 908 ubi
277 850 396 908 decursu
408 848 507 926 rapido
520 847 715 907 dementibus
728 848 795 907 altis

139 930 221 988 Dant
234 928 361 987 sonitum
374 927 501 1005 spumosi
513 948 620 1001 amnes,
634 932 664 987 et
677 928 707 986 in
721 948 833 1007 equora
846 934 977 1002 currunt,

139 1009 265 1086 Quisque
278 1028 362 1065 suum
374 1008 527 1085 populatus
540 1007 613 1068 iter:
633 1028 692 1066 non
705 1008 819 1086 segnius
833 1008 918 1068 ambo

139 1088 244 1146 AEneas
257 1087 426 1163 'Faunusque
439 1091 529 1148 ruunt
542 1108 593 1165 per
605 1088 720 1166 proelia;
740 1107 826 1159 nunc,
840 1109 917 1148 nunc

139 1167 279 1225 Fluctuat
291 1167 334 1224 ira
346 1167 425 1226 intus
435 1192 442 1238 3
462 1171 636 1244 rumpuntur
648 1167 743 1227 nescia
755 1168 832 1227 vinci

138 1246 276 1318 Pectora;
296 1266 372 1306 nunc
385 1246 457 1305 totis
470 1246 500 1304 in
513 1248 631 1306 vulnera
642 1247 750 1305 viribus
762 1247 832 1306 itur.

139 1326 312 1384 Murranum
324 1325 380 1398 hic,
394 1329 492 1385 atavos
506 1330 536 1386 et
550 1347 668 1385 avorum
682 1326 801 1402 antiqua
814 1330 965 1387 sonantem

139 1405 275 1477 Nomina,
288 1426 338 1483 per
351 1425 487 1484 regesque
500 1409 598 1465 actum
611 1426 702 1484 genus
716 1425 800 1464 omne
814 1406 944 1479 Latinos,

140 1483 320 1562 Praecipitem
335 1485 451 1562 scopulo
464 1490 551 1563 atque
564 1484 690 1564 ingentis
703 1487 818 1544 turbine
832 1486 893 1545 saxi

140 1564 271 1636 Excutit,
286 1565 461 1642 effimditqus
475 1566 551 1625 solo:
572 1566 649 1624 huno
662 1566 723 1624 lora
736 1569 766 1624 et
775 1566 848 1644 juga
860 1566 960 1625 subter

140 1643 311 1704 Provolvere
323 1648 409 1704 rotae:
431 1647 528 1705 crebro
542 1665 626 1722 super
638 1645 747 1723 ungula
758 1647 844 1723 pulsu

141 1723 244 1795 Incita,
258 1745 310 1783 nec
323 1725 432 1783 domini
443 1745 603 1784 memorum
615 1725 761 1802 proculcat
774 1745 929 1802 equorum;

141 1804 195 1863 Ille
207 1804 303 1862 ruenti
315 1804 417 1884 Hyllo,
431 1803 724 1882 animisqucrimmane
738 1805 872 1866 frementi

141 1883 281 1956 Occurrit,
294 1884 441 1962 telumque
454 1888 554 1944 aurata
567 1885 604 1943 ad
615 1888 746 1962 tempora
757 1889 890 1963 torquet:

141 1963 199 2021 Olli
211 1984 262 2041 per
274 1965 385 2042 galeam
398 1966 455 2025 fixo
469 1965 553 2024 stetit
565 1965 651 2023 hasta
662 1965 784 2025 cerebro.

140 2043 268 2102 Dextera
279 2065 332 2104 nee
345 2048 397 2104 tua
409 2049 448 2116 te,
463 2045 583 2103 Graium
596 2044 759 2118 fortissime,
773 2044 909 2116 Cretheu,

140 2123 257 2199 Eripuit
271 2125 386 2196 Tmno;
406 2145 457 2183 nec
472 2125 502 2182 di
514 2128 610 2187 texere
625 2123 791 2200 Cupencum

141 2202 233 2261 AEnea
244 2204 376 2263 veniente
390 2205 449 2277 sui;
469 2205 548 2263 dedit
561 2204 645 2263 obvia
656 2204 730 2262 ferro

141 2284 270 2354 Pectora,
284 2304 336 2342 nec
350 2284 451 2341 misero
466 2284 548 2361 clipei
561 2304 641 2342 mora
653 2284 760 2360 profuit
774 2282 849 2341 aerei.

141 2364 182 2421 Te
196 2383 308 2439 quoque
321 2363 478 2421 Laurentes
492 2363 635 2435 viderunt,
649 2363 740 2434 AEole,
754 2362 847 2439 campi

141 2442 290 2518 Oppetere,
306 2446 335 2500 et
348 2444 405 2500 late
420 2446 525 2500 terram
539 2446 717 2502 consternere
730 2445 829 2520 tergo,

141 2521 261 2593 Occidis,
275 2523 392 2600 Argivae
407 2542 490 2599 quem
504 2543 562 2580 non
575 2526 692 2600 potuere
705 2523 859 2600 phalanges

141 2602 280 2673 Sternere,
294 2623 346 2661 nee
360 2603 468 2660 Priami
481 2623 635 2680 regnorum
648 2623 759 2660 eversor
772 2602 915 2660 Achilles:

140 2682 200 2740 Hic
214 2683 268 2740 tibi
281 2683 382 2740 mortis
397 2686 477 2740 erant
491 2686 585 2753 metae,
599 2682 700 2739 domus
714 2683 773 2740 alta
786 2682 838 2740 sub
852 2682 923 2752 Ida;

141 2762 276 2840 Lyrnessi
290 2763 391 2820 domus
405 2764 471 2832 alta,
485 2764 544 2820 solo
559 2762 701 2820 Laurente
715 2762 884 2838 sepulcrum.

141 2843 223 2900 Totae
236 2843 305 2900 adeo
320 2863 462 2901 conversae
477 2842 558 2912 acies,
573 2861 725 2918 omnesque
738 2841 846 2911 Latini,

141 2922 246 2980 Omnes
258 2922 447 2980 Dardanidae:
469 2921 648 2992 Mnestheus,
664 2941 781 2998 acerque
795 2921 933 2990 Serestus

140 3002 182 3059 Et
196 3002 345 3077 Messapus
360 3022 463 3078 equum
477 3002 609 3071 domitor,
623 3005 654 3059 et
667 3001 749 3059 fortis
762 3001 874 3077 Asylas‚

141 3082 354 3158 Tuscorumque
367 3082 498 3159 phalanx,
513 3081 696 3156 Evandrique
710 3081 833 3139 Arcades
847 3081 915 3138 alae:

140 3162 197 3219 Pro
211 3181 240 3219 se
254 3161 372 3237 quisque
385 3161 439 3218 viri
452 3181 564 3219 summa
576 3161 708 3217 nituntur
721 3181 806 3237 opum
820 3159 858 3217 vi.

140 3242 202 3299 Nec
216 3261 303 3311 mora,
317 3261 369 3298 nec
382 3241 507 3318 requies;
527 3244 609 3298 vasto
623 3241 776 3298 certamine
790 3241 923 3299 tendunt.

180 3321 238 3379 Hic
252 3325 379 3379 mentem
393 3321 493 3378 AEneae
508 3320 638 3398 genetrix
651 3320 841 3398 pulcherrima
854 3320 943 3390 misit,

140 3400 202 3458 Iret
215 3405 249 3458 ut
263 3402 299 3458 ad
312 3421 416 3471 muros,
430 3401 548 3477 urbique
562 3401 723 3459 adverteret
737 3421 840 3478 agmen

141 3479 235 3552 Ocius,
249 3485 279 3538 et
293 3481 388 3538 subita
401 3481 531 3538 turbaret
544 3481 622 3538 clade
637 3480 765 3539 Latinos.

139 3560 202 3631 Ille,
216 3565 250 3618 ut
262 3562 407 3638 vestigans
421 3561 531 3617 diversa
543 3580 593 3637 per
607 3560 721 3637 agmina
734 3561 863 3618 Turnum

139 3640 208 3698 Huc
222 3644 308 3717 atque
321 3642 377 3699 huc
391 3641 463 3698 acies
477 3640 661 3711 circumtulit,
676 3640 777 3716 aspicit
791 3640 890 3697 urbem

139 3721 304 3778 Immunem
316 3721 393 3778 tanti
406 3720 480 3791 belli,
494 3724 580 3797 atque
592 3720 708 3797 impune
722 3720 856 3797 quietam.

139 3800 284 3862 Continuo
297 3821 401 3880 pugna
414 3801 543 3859 accendit
556 3799 670 3876 majoris
684 3800 795 3876 imago:

134 3885 298 3946 Mnesthea
310 3884 539 3963 Sergestumque
548 3882 637 3936 uocat
646 3879 807 3949 testemque
813 3879 973 3946 tenentum,

130 3971 298 4046 Ductores,
309 3965 526 4042 tumulumque
539 3957 630 4035 eapite
640 3973 699 4031 <iffi
711 3952 962 4009 ttlffilt'lffiim
