2446 4260
465 247 606 290 mammos
620 247 682 288 am.
697 247 725 288 x.
1009 233 1068 292 343

129 388 202 460 Quid
214 409 316 448 manus
329 389 378 448 illa
391 389 493 461 virum,
507 389 555 466 qui
568 410 614 448 me
628 409 745 473 meaque
758 409 836 447 arma
850 388 963 449 secuti?

129 469 248 542 Quosne,
262 470 356 528 nefas!
377 489 474 528 omnes
487 470 603 528 infanda
615 469 644 526 in
658 471 750 527 morte
763 469 887 546 reliqui?

129 548 170 606 Et
181 569 258 608 nunc
270 551 398 626 palantes
412 550 502 621 vide0,
516 550 711 626 gemitumque
725 549 877 607 cadentum

129 628 253 706 Accipio.
294 629 370 701 Quid
383 629 461 706 ago?
483 633 533 686 aut
547 650 608 705 quae
618 629 679 707 jam
693 628 762 686 satis
775 628 834 686 ima
846 631 973 689 dehiscat

129 707 217 766 Terra
228 708 323 767 mihi?
344 730 395 767 vos
408 729 425 767 o
438 709 534 785 potius
548 708 726 778 miserescite,
740 708 829 780 venti,

129 787 166 845 In
179 808 271 865 rupes,
284 789 315 846 in
328 788 531 847 saxa—volens
545 809 595 845 vos
609 787 723 844 Turnus
737 788 862 846 adoro—

130 867 216 926 Ferte
228 871 328 941 ratem,
342 868 479 945 saevisque
492 868 570 926 vadis
583 868 734 925 immittite
747 868 850 945 Syrtis,

130 946 192 1019 Quo
206 967 297 1023 neque
310 968 355 1006 me
369 948 481 1019 Rutuli,
492 968 543 1006 nec
557 948 668 1005 conscia
680 947 756 1005 fama
769 948 933 1024 sequatur.”

130 1026 204 1085 Haec
217 1047 384 1099 memorans,
398 1028 492 1085 animo
506 1048 581 1086 nunc
594 1027 659 1098 huc,
673 1048 749 1084 nunc
762 1027 884 1086 fluctuat
897 1029 981 1101 illuc,

131 1106 177 1163 An
191 1126 251 1165 sese
263 1127 396 1165 mucrone
410 1108 447 1165 ob
459 1111 575 1166 tantum
589 1107 708 1165 dedecus
722 1127 818 1165 amens

132 1185 246 1256 Induat,
260 1190 290 1244 et
303 1187 422 1244 crudum
435 1207 484 1264 per
498 1190 589 1245 costas
603 1187 698 1263 exigat
712 1207 824 1260 ensem3

133 1264 283 1324 Fluctibus
296 1286 332 1324 an
341 1267 430 1343 jaciat
444 1267 552 1338 mediis,
566 1270 595 1324 et
608 1267 694 1324 litora
705 1267 799 1324 nando

133 1343 226 1403 Curva
239 1348 327 1421 petat,
341 1347 537 1422 Teucrumque
550 1347 656 1404 iterum
670 1366 699 1403 se
713 1346 813 1403 reddat
826 1345 856 1402 in
870 1367 956 1405 arma.

133 1423 188 1482 Ter
201 1428 319 1484 conatus
332 1430 482 1502 utramque
496 1427 588 1483 viam:
609 1428 654 1483 ter
668 1425 790 1483 maxima
803 1424 825 1482 J
826 1446 882 1483 uno

133 1502 302 1574 Continuit3
317 1506 507 1585 juvenemque
521 1505 608 1563 animi
621 1505 754 1563 miserata
766 1505 910 1582 repressit.

134 1583 253 1642 Labitur
266 1585 324 1643 alta
336 1606 433 1644 secans
446 1586 590 1662 fluctuque
604 1588 733 1661 aestuque
746 1586 886 1657 secundo;

134 1663 173 1721 Et
187 1665 276 1741 patris
290 1665 437 1741 antiquam
451 1665 547 1722 Dauni
560 1665 685 1724 defertur
698 1666 734 1723 ad
747 1665 855 1723 urbem.

171 1744 214 1802 At
228 1744 247 1801 J
250 1745 310 1802 ovis
323 1746 431 1804 interea
444 1745 560 1804 monitis
575 1744 737 1803 Mezentius
750 1745 851 1802 ardens

135 1823 265 1882 Succedit
278 1845 390 1902 pugnae,
405 1826 583 1901 Teucrosque
597 1824 706 1882 invadit
720 1827 846 1882 ovantes.

135 1903 315 1962 Concurrunt
328 1904 481 1982 Tyrrhena
495 1904 576 1975 acieS,
590 1909 676 1980 atque
689 1904 820 1962 omnibus
833 1903 892 1978 uni,

135 1983 192 2040 Uni
206 1983 332 2059 odiisque
345 1985 406 2043 viro
420 1985 540 2060 telisque
554 1984 748 2060 frequentibus
761 1983 881 2042 instant.

136 2063 195 2134 llle,
209 2062 289 2122 velut
303 2084 386 2140 rupes
399 2068 513 2122 vastum
527 2085 589 2140 quae
602 2063 698 2142 prodit
711 2063 742 2120 in
757 2083 861 2141 aequor,
930 2061 932 2064 ’

136 2143 226 2201 Obvia
238 2147 390 2202 ventorum
402 2144 491 2214 furiis,
505 2148 676 2221 expostaque
689 2146 787 2220 ponto,

136 2223 202 2280 Vim
216 2226 349 2281 cunctam
362 2226 447 2299 atque
460 2223 552 2281 minas
565 2224 671 2301 perfert
685 2223 802 2300 coelique
816 2222 965 2300 marisque,

135 2302 203 2379 Ipsa
215 2303 336 2361 immota
348 2323 481 2361 manens:
502 2304 610 2381 prolem
623 2302 807 2361 Dolichaonis
820 2303 953 2361 Hebrum

137 2382 245 2441 Sternit
257 2382 348 2453 humi,
362 2403 427 2440 cum
441 2403 496 2458 quo
510 2383 662 2460 Latagum,
677 2382 865 2458 Palmumque
878 2384 1024 2460 fugacem:

137 2462 192 2520 Sed
204 2462 349 2540 Latagum
363 2483 429 2521 saxo
442 2467 528 2540 atque
540 2463 653 2540 ingenti
664 2462 804 2540 fragmine
816 2463 923 2520 montis

138 2542 265 2619 Occupat
278 2563 309 2600 os
322 2543 477 2618 faciemque
491 2543 636 2600 adversam
647 2567 653 2613 3
673 2543 781 2619 poplite
795 2542 929 2600 Palmum

138 2622 251 2680 Succiso
263 2621 341 2680 volvi
354 2642 470 2699 segnem
480 2623 565 2694 sinit,
585 2641 718 2698 armaque
731 2621 826 2678 Lauso

138 2701 235 2760 Donat
248 2702 351 2760 habere
364 2703 498 2773 humeris,
513 2705 542 2760 ct
555 2700 661 2759 vertice
674 2701 761 2777 figere
774 2701 882 2757 cristas.

138 2782 271 2840 Necnon
284 2783 439 2840 Euanthen
453 2782 623 2859 Phrygium,
638 2780 802 2855 Paridisque
816 2779 961 2836 Mimanta

139 2861 289 2937 AEqualem
302 2863 508 2937 comitemque:
529 2881 586 2918 una
599 2880 683 2937 quem
697 2863 780 2918 nocte
794 2859 910 2916 Theano

139 2940 175 2998 In
188 2942 282 2999 lucem
295 2942 418 3018 genitori
430 2944 542 3019 Amyco
556 2941 644 3011 dedit,
658 2945 688 2998 et
700 2940 761 2997 face
773 2959 925 3016 praegnans

139 3020 243 3079 Cisseis
256 3021 355 3098 regina
367 3021 472 3080 Parin:
494 3021 575 3078 Paris
588 3021 658 3078 urbe
670 3023 789 3097 paterna

140 3100 283 3173 Occubat;
303 3101 435 3178 ignarum
448 3101 576 3158 Laurens
588 3100 676 3157 habet
689 3120 739 3157 ora
752 3098 904 3156 Mimanta.

140 3181 182 3238 Ac
195 3181 274 3239 velut
287 3181 335 3239 ille
348 3201 450 3239 canum
464 3201 562 3238 morsu
575 3181 609 3238 de
623 3179 768 3237 montibus
782 3178 847 3235 altis

140 3260 230 3318 Actus
244 3281 318 3336 aper,
331 3261 438 3319 multos
452 3260 573 3318 Vesulus
587 3280 671 3337 quem
684 3258 785 3335 pinifer
799 3278 887 3315 annos

139 3339 284 3411 Defendit,
298 3342 439 3398 multosve
452 3340 531 3416 palus
545 3339 709 3410 Laurentia,
723 3339 794 3396 silva

141 3419 244 3477 Pastus
258 3421 419 3492 arundinea,
432 3423 584 3496 postquam
596 3420 673 3477 inter
685 3418 758 3476 retia
770 3420 889 3476 ventum
902 3419 955 3487 est,

140 3499 286 3571 Substitit,
299 3500 502 3575 infremuitque
515 3500 602 3571 ferox,
616 3503 645 3557 et
659 3498 801 3556 inhorruit
815 3516 924 3554 armos:

141 3580 202 3638 Nec
216 3579 349 3656 cuiquam
362 3580 444 3638 irasci
457 3579 606 3657 propiusve
620 3579 749 3636 accedere
763 3577 862 3645 virtus,

142 3660 195 3718 Sed
204 3659 306 3737 jaculis
319 3661 447 3736 tutisque
460 3658 558 3736 procul
572 3658 739 3716 clamoribus
752 3657 877 3713 instant:

141 3739 194 3798 Ille
207 3743 305 3797 autem
318 3740 477 3816 impavidus
490 3743 585 3816 partes
599 3741 751 3795 cunctatur
763 3736 793 3792 in
807 3754 913 3804 omnes,

142 3820 284 3878 Dentibus
297 3819 468 3891 infrendens,
482 3823 512 3876 et
525 3821 607 3895 tergo
621 3816 730 3876 decutit
743 3815 856 3872 hastas:

142 3899 230 3957 Haud
243 3899 333 3969 aliter,
340 3899 432 3976 justae
447 3900 548 3976 quibus
562 3901 607 3957 est
621 3894 780 3956 Mezentius
791 3893 855 3967 irae,

133 3979 200 4035 Non
216 3978 269 4034 ulli
280 3982 326 4036 est
337 3980 452 4039 animus
466 3980 572 4041 stricto
587 3998 761 4042 concurrere
773 3978 876 4052 ferro,
