2446 4260
142 209 183 274 74
462 226 645 270 nvncmn
658 226 801 272 umorrs

139 370 356 446 Horrcntesque
368 368 463 442 rubos,
478 372 509 429 et
522 373 649 429 amantes
663 370 751 429 ardua
763 371 881 431 dumos:

139 452 237 527 Atque
249 451 318 527 ipsae
331 469 469 508 memores
483 449 602 508 redeunt
615 451 647 508 in
659 453 746 523 tecta,
760 471 881 528 suosque

139 530 268 602 Ducunt,
282 533 312 589 et
322 529 439 607 gravido
453 530 622 608 superant
595 549 644 588 vrx
656 531 741 589 ubere
754 529 851 591 limen.

138 610 219 688 Ergo
232 630 311 669 cmm
302 609 419 668 studio
433 609 552 687 glaciem
565 613 720 687 ventosque
733 609 850 684 nivales,

139 689 203 762 Quo
216 689 309 748 minor
322 691 366 748 est
378 689 435 746 illis
448 708 523 748 curae
536 690 663 748 mortalis
742 693 798 764 tas,

139 770 261 828 Avertes
262 768 447 845 ,victumque
460 769 531 828 feres
544 773 574 828 et
587 770 733 848 virgeaoe
707 773 781 828 astus

138 848 267 921 Pabula3
286 867 339 907 nec
352 851 415 907 tota
428 848 539 908 claudes
552 849 660 907 foenilia
671 850 780 908 bruma.

137 928 181 986 At
193 948 269 1000 vero,
282 928 412 1006 zephyris
426 947 513 1005 quum
527 930 595 987 laeta
607 929 775 988 vocantibus
789 930 875 987 aestas

138 1008 176 1066 In
190 1008 279 1068 saltus
291 1011 444 1085 utrumque
456 1028 572 1087 gregem
585 1008 691 1085 atque
683 1029 713 1067 1n
729 1029 835 1087 pascua
847 1009 956 1082 mittet,

140 1087 265 1146 Luciferi
276 1087 368 1164 primo
381 1108 448 1146 cum
460 1088 550 1147 sidere
562 1088 666 1166 frigida
677 1108 744 1147 rura

139 1166 303 1246 carpamus,
317 1168 387 1225 dum
399 1187 482 1226 mane
494 1187 610 1240 novum,
624 1168 694 1226 dnm
706 1167 837 1246 gramina
849 1171 961 1242 canent,

136 1247 180 1306 Et
192 1268 238 1307 ros
251 1247 282 1305 in
294 1251 393 1306 tenera
404 1267 498 1324 pecori
488 1247 689 1326 gratissimus
701 1248 799 1307 herba.

138 1325 220 1400 Inde,
233 1327 284 1385 ubi
297 1330 399 1404 quarta
411 1327 491 1385 sitim
503 1328 567 1386 coeli
581 1328 726 1406 collegerit
738 1327 817 1398 hora,

137 1406 181 1466 st
194 1410 282 1466 cantu
295 1406 421 1483 quemlae
433 1412 568 1485 rumpent
582 1408 698 1467 arbusta
711 1407 823 1478 cicadae,
884 1459 888 1466 .

136 1486 186 1544 Ad
196 1490 298 1564 puteos
311 1489 362 1544 aut
375 1487 434 1544 alta
447 1507 547 1565 greges
560 1488 597 1546 ad
609 1492 732 1567 stagnaJ
726 1487 823 1546 'ubeto

137 1565 260 1625 Current
246 1568 307 1625 tem
318 1566 414 1644 flignis
427 1569 526 1645 potare
539 1568 682 1626 canalibus
695 1567 821 1625 undam.

136 1646 267 1706 AEstibus
281 1649 312 1705 at
325 1646 424 1705 mediis
439 1647 601 1706 umbrosam
615 1648 759 1723 exquirere
772 1644 884 1717 vallem,

136 1725 234 1785 Sicubi
246 1746 351 1804 magna
363 1725 429 1783 J
385 1746 445 1784 ovis
459 1724 577 1802 antiquo
590 1728 689 1785 robore
702 1745 822 1819 quercus

136 1805 274 1884 Ingentes
286 1805 387 1864 tendat
400 1825 510 1879 ramos3
529 1810 581 1864 aut
594 1807 724 1865 sicubi
696 1825 812 1884 nigrum

136 1885 244 1945 Ilicibis
257 1886 360 1945 crebris
374 1905 452 1944 sacra
463 1905 564 1944 nemus
577 1886 695 1945 accubet
707 1886 817 1945 umbra.

136 1963 213 2023 Tum
226 1969 326 2024 tenues
340 1966 406 2024 dare
418 1985 516 2023 rursus
530 1986 625 2041 aquas,
638 1968 669 2024 et
680 1985 794 2042 pascere
806 1985 906 2023 rursus

137 2044 210 2103 Solis
224 2045 260 2104 ad
273 2064 412 2117 occasum,
425 2064 515 2122 quum
527 2045 648 2123 frigidus
661 2054 726 2104 aera
738 2065 837 2122 vesper

136 2123 297 2203 Temperat,
311 2127 341 2183 et
355 2125 444 2183 saltus
457 2125 549 2184 reficit
558 2126 619 2203 jam
631 2126 740 2184 roscida
752 2125 830 2197 luna,

135 2203 291 2282 Litoraque
304 2204 440 2282 alcyonen
453 2209 595 2277 resonant,
609 2205 787 2264 acalanthida
799 2204 889 2263 dumi.

136 2284 213 2355 Quid
225 2285 280 2344 tibi
291 2287 418 2362 pastores
431 2284 541 2361 Libyae,
554 2285 623 2361 quid
635 2305 739 2362 pascua
750 2304 836 2342 versu

31 2367 33 2372 ’
136 2362 302 2441 Prosequar,
316 2367 346 2423 et
358 2364 428 2422 raris
441 2364 571 2422 habitata
583 2365 703 2442 mapalia
714 2364 824 2423 tectis?

135 2442 217 2522 Saepe
230 2445 306 2502 diem
318 2448 496 2519 noctemque,
510 2450 539 2502 et
552 2447 650 2502 bobum
663 2465 697 2503 ex
710 2444 807 2503 ordine
821 2463 948 2502 mensem

135 2523 268 2583 Pascitur
280 2525 359 2600 itque
372 2543 457 2601 pecus
470 2523 557 2601 longa
568 2524 600 2582 in
612 2524 723 2583 deserta
735 2523 795 2582 sine
807 2523 872 2580 ultis

134 2602 295 2682 Hospitiis:
314 2606 431 2662 tantum
444 2604 536 2680 campi
544 2604 630 2681 jacet.
671 2603 775 2662 Omnia
787 2622 883 2662 secum

134 2683 333 2743 Armentarius
346 2684 416 2742 Afer
429 2683 498 2761 agit,
511 2686 677 2759 tectumque
691 2683 849 2758 Laremque

134 2763 279 2839 Armaque
287 2764 519 2856 Amyclaeumque
529 2784 628 2821 canem
638 2762 822 2838 Cressamque
831 2761 995 2839 pharetram

135 2842 204 2902 Non
218 2863 297 2902 secus
311 2863 343 2902 ac
355 2842 455 2920 patriis
469 2862 532 2900 acer
545 2843 712 2901 Romanus
704 2863 735 2900 1n
749 2841 834 2901 armis

133 2920 248 3001 Injusto
262 2924 315 2981 sub
328 2922 440 2981 fasce
414 2942 491 2980 vram
504 2942 594 3014 quum
607 2922 706 3016 qarpit,
720 2926 750 2981 et
763 2920 841 2979 hosti

132 3004 212 3062 Ante
224 3005 419 3080 exspectatum
430 3001 531 3079 positis
545 3003 624 3061 stat
616 3023 647 3060 m
660 3002 772 3078 agmine
785 3001 893 3060 castris.

133 3084 177 3141 At
189 3103 255 3154 non,
270 3103 325 3158 qua
338 3082 465 3160 Scythiae
478 3085 578 3160 gentes
591 3082 762 3157 Maeotiaque
774 3081 860 3153 unda,

133 3161 278 3221 Turbidus
291 3166 321 3221 et
333 3165 469 3238 torquens
482 3161 618 3220 flaventes
631 3161 734 3219 Hister
747 3180 853 3231 arenas,

134 3243 251 3319 Quaque
263 3242 338 3301 redit
350 3242 476 3300 medium
490 3241 628 3318 Rhodope
641 3242 770 3317 porrecta
783 3241 835 3298 sub
849 3259 938 3298 axem.

133 3320 199 3381 Illic
212 3322 305 3380 clausa
317 3325 418 3380 tenent
431 3321 550 3380 stabulis
563 3324 707 3392 armenta;
726 3339 817 3396 neque
829 3319 896 3378 uflae

132 3402 196 3461 Aut
208 3402 304 3460 herbae
317 3421 415 3494 campo
429 3405 564 3494 apparent
578 3405 628 3458 aut
641 3401 739 3458 arbore
752 3399 880 3471 frondes3

133 3481 190 3540 sed
198 3482 275 3559 jacet
288 3480 478 3559 aggeribus
450 3481 539 3539 mveis
552 3480 680 3539 informis
697 3483 726 3538 et
740 3479 800 3537 aito

132 3561 221 3620 Terra
233 3562 300 3640 gelu
311 3561 377 3632 late,
391 3562 554 3652 septemque
563 3559 707 3637 assurgit
699 3579 729 3616 m
742 3560 839 3617 ulnas·

132 3641 248 3719 Semper
259 3641 360 3712 hiems,
373 3660 482 3717 semper
495 3640 633 3717 spirantes
646 3640 752 3716 frigora
761 3638 854 3696 Cauri

132 3720 209 3779 Tum
223 3722 271 3780 Sol
283 3721 420 3799 pallentes
433 3719 511 3777 haud
523 3740 648 3796 unquam
661 3719 779 3776 discutit
793 3719 923 3776 umbras

131 3800 195 3860 Nec
208 3821 297 3878 quum
283 3743 438 3858 pinvectus
452 3799 530 3876 equis
544 3799 635 3857 altum
648 3799 722 3876 petit
735 3798 858 3869 aethera;
878 3818 930 3857 nec
944 3817 995 3876 qus

132 3879 313 3958 Praecipitem
326 3900 423 3939 coeam
413 3880 520 3937 rubro
533 3878 604 3936 lavit
617 3898 729 3955 aequore
743 3897 866 3936 currum.

132 3959 324 4020 Concrescunt
337 3960 440 4019 subita
454 3958 598 4018 currenti
590 3979 621 4016 m
633 3957 750 4016 flumine
764 3960 876 4029 orustae‚
