2370 4260
408 129 552 173 mmor
566 130 630 172 LIB.
644 130 666 171 1.

109 273 187 333 Iitora
192 273 320 351 jactetur
332 272 404 332 odiis
417 273 440 332 J
439 273 542 332 unonis
555 272 671 350 iniquae,

109 351 170 412 llota
179 355 247 427 tibi;
268 357 298 413 et
311 358 411 413 nostro
423 353 541 412 doluisti
554 372 630 430 saepe
643 351 748 411 dolore.

110 431 177 492 Hunc
189 434 338 494 Phoenissa
349 436 431 493 tenet
444 433 532 505 Dido,
544 432 710 510 blandisque
723 434 852 490 moratur

110 510 225 587 Vocibus3
245 518 276 574 et
288 533 394 585 vereor,
408 534 465 591 quo
478 533 508 571 11
521 512 543 570 J
543 511 650 570 unonia
660 513 776 570 vertant

110 590 236 671 Hospitia;
255 595 334 652 haud
346 597 431 652 tanto
444 592 565 651 cessabit
578 591 691 650 cardine
704 611 808 650 rerum.

112 673 222 744 Quocirca
234 693 332 752 capere
345 677 413 732 ante
426 673 499 731 dolis
512 674 543 730 et
554 671 668 749 cingere
680 671 796 729 flamma

112 751 227 831 Reginam
239 754 372 825 meditor,
384 773 421 812 ne
435 773 491 830 quo
505 772 534 810 11
547 751 664 809 numine
676 754 788 822 mutet3

114 831 152 890 Sed
160 854 258 911 magno
272 833 372 892 AEneoe
386 852 498 891 mecum
510 835 643 891 teneatur
655 851 759 889 amore.

115 911 158 982 Qu
167 914 251 972 lacere
264 914 295 971 id
307 912 407 990 possis,
420 915 549 970 nostram
562 931 638 969 nunc
652 911 746 988 accipe
759 912 904 968 mentem:

115 990 197 1070 Regius
209 993 303 1053 accitu
316 992 375 1051 cari
387 991 524 1069 genitoris
537 991 574 1048 ad
586 991 687 1048 urbem

116 1069 231 1131 Sidoniam
244 1093 316 1151 puer
328 1073 369 1130 ire
382 1074 473 1149 parat,
486 1091 551 1128 mea
562 1070 687 1128 maxima
699 1088 775 1140 cura,

116 1148 177 1210 Dona
186 1154 285 1224 serens,
299 1151 401 1229 pelago
414 1153 445 1209 et
458 1151 580 1208 flammis
592 1149 732 1208 restantia
745 1148 856 1226 Trojae:

116 1227 180 1291 Hunc
191 1253 252 1310 ego,
267 1231 394 1309 sopitum
407 1250 515 1303 somno,
529 1250 613 1307 super
626 1230 686 1288 alta
698 1228 826 1306 Cythera

117 1310 158 1370 lut
169 1333 247 1391 super
260 1311 386 1370 Idalium
399 1314 510 1369 sacrata
522 1310 587 1369 sede
600 1309 760 1380 recondam,

117 1387 147 1450 111
156 1413 204 1470 qua
216 1393 288 1452 scire
302 1391 390 1463 dolos,
403 1390 548 1449 mediusve
561 1409 705 1448 occurrere
718 1388 817 1465 possit.

117 1466 248 1532 infaciem
260 1471 338 1530 illius
351 1473 466 1529 noctem
480 1491 538 1529 non
551 1468 672 1546 amplius
685 1488 774 1526 unam

116 1545 172 1610 11111
182 1553 254 1624 dolo,
268 1555 299 1610 et
312 1554 396 1609 notos
409 1549 490 1628 pueri
502 1569 572 1626 puer
584 1549 671 1606 indue
684 1548 798 1605 vultus:

116 1623 144 1688 Ut
153 1653 235 1710 quum
248 1635 279 1690 te
292 1630 401 1709 gremio
414 1629 533 1707 accipiet
544 1629 694 1687 laetissima
707 1628 784 1686 Dido

115 1703 211 1789 legales
224 1712 303 1770 inter
315 1730 426 1769 mensas
439 1709 609 1785 laticemque
622 1707 752 1786 Lyaeum,

111 1783 186 1856 Quum
198 1791 279 1850 dabit
293 1791 438 1868 amplexus
448 1793 534 1866 atque
547 1789 643 1847 oscula
655 1787 749 1845 dulcia
764 1788 844 1864 figet,

109 1862 244 1930 Occultum
256 1870 376 1947 inspires
388 1870 494 1948 ignem,
507 1869 642 1945 fallasque
655 1867 793 1926 veneno.”

99 1938 123 1997 Ρ
123 1955 180 2010 aret
191 1953 283 2010 Amor
296 1951 380 2009 dictis
393 1970 466 2008 carae
479 1947 639 2027 genetricis,
654 1950 684 2005 et
697 1947 755 2004 alas

93 2016 192 2104 Exuit,
204 2035 235 2091 et
248 2051 349 2110 gressu
361 2030 487 2108 gaudens
501 2028 607 2086 incedit
620 2027 687 2085 Iuli.

86 2101 245 2170 41111111
258 2110 382 2169 Ascanio
394 2109 535 2187 placidam
548 2129 598 2185 per
610 2107 739 2166 membra
752 2106 877 2183 quietem

77 2172 209 2268 [bigat
222 2195 254 2250 et
267 2191 361 2250 sotum
374 2188 482 2267 gremio
496 2188 549 2246 dea
559 2188 640 2246 tollit
653 2188 684 2244 in
696 2187 770 2244 altos

73 2251 192 2329 Idale
207 2272 296 2340 lucos,
310 2269 359 2327 ubi
372 2269 465 2327 mollis
479 2288 624 2326 amaracus
637 2267 720 2324 illum

141 2351 227 2410 onbns
241 2354 272 2409 et
285 2349 360 2407 dulci
373 2349 499 2424 aspirans
512 2347 712 2423 complectitur
725 2347 832 2403 umbra

60 2411 217 2508 Jamque
230 2430 293 2487 abac
306 2429 383 2486 uero
395 2447 505 2504 parens,
519 2431 549 2484 eo
563 2426 637 2484 aona
650 2426 761 2501 cupido

58 2487 189 2586 Regia
198 2508 335 2588 portabat
347 2507 449 2584 Tyriis,
463 2508 534 2565 duce
547 2506 629 2563 laetus
642 2506 764 2563 Achate.

144 2589 232 2660 Quum
243 2588 334 2658 venit,
347 2588 441 2645 aulaeis
450 2587 513 2664 jam
526 2606 556 2644 11
569 2586 668 2663 regina
680 2583 808 2661 superbis

50 2654 191 2726 Aurea
203 2667 363 2745 composuit
376 2667 492 2744 sponda,
505 2666 683 2743 mediamque
695 2664 816 2722 locavit:

56 2745 845 2903 eiiii-lilim&ffipirinalidiliiitie.

142 2911 181 2965 ant
192 2907 291 2966 famuli
303 2906 434 2964 manibus
447 2905 588 2983 lymphas,
602 2904 787 2980 Cereremque
801 2900 930 2962 canistris

64 2969 272 3062 Expectant,
285 2987 432 3063 tonsisque
445 2986 541 3043 ferunt
554 2985 691 3042 mantelia
702 2984 786 3041 villis.

74 3055 313 3145 Quinquaginta
325 3067 405 3123 intus
417 3065 541 3135 famulae,
555 3065 657 3140 quibus
671 3064 768 3122 ordine
780 3064 866 3140 longo

84 3136 179 3204 Qun
187 3167 292 3225 penum
305 3150 423 3216 struere,
436 3148 466 3202 et
479 3145 602 3202 flammis
615 3144 726 3202 adolere
739 3146 872 3220 penatcs3

86 3214 223 3285 Cenum
235 3228 306 3298 aliae,
319 3226 502 3301 todidemque
515 3244 595 3300 pares
609 3227 695 3282 aetate
708 3223 843 3293 ministri,

97 3295 166 3367 Qui
174 3308 287 3385 dapibus
301 3325 412 3364 mensas
425 3307 553 3374 onerant,
567 3308 597 3361 et
610 3303 711 3380 pocula
724 3306 843 3380 ponunt.

99 3369 170 3440 Nee
178 3409 231 3446 non
245 3390 276 3445 et
290 3386 372 3463 Tyrii
385 3405 435 3462 per
447 3384 547 3441 limina
558 3383 625 3440 laeta
638 3384 799 3460 frequentes

108 3452 272 3549 Convenere,
284 3466 356 3524 toris
365 3465 439 3541 jussi
451 3463 625 3521 discumbere
637 3463 731 3538 pictis.

112 3528 246 3605 Μ11111111
260 3546 336 3604 dona
349 3545 463 3614 AEneae3
483 3543 624 3600 mirantur
637 3542 744 3613 Iulum,

112 3606 327 3703 *lagenasque
340 3625 385 3682 dei
397 3623 505 3694 vultus,
518 3622 705 3698 simulataque
718 3620 811 3688 verba,

117 3683 275 3784 Pillamque,
288 3709 319 3763 et
332 3705 443 3781 pictum
456 3722 553 3760 croceo
566 3702 695 3760 velamen
708 3699 839 3759 acantho.

114 3761 244 3860 Plcapue
253 3785 358 3853 11111111,
368 3782 450 3857 pesti
460 3783 567 3841 devota
578 3783 694 3855 futurae,

98 3837 204 3929 Borea
211 3863 339 3918 mentem
352 3861 461 3937 nequa
476 3863 663 3947 ardescitque
676 3867 795 3931 uena
