2446 4260
445 118 588 163 BIOEIDOS
601 120 665 162 m.
678 120 751 162 vm.

130 257 234 318 Vobis
247 258 409 318 Mercurius
420 264 503 338 pater
515 265 568 335 est,
582 283 667 340 quern
680 262 800 322 candida
813 261 893 321 Maia

132 338 272 417 (lyllenae
285 339 378 416 gelido
392 345 561 418 conceptum
573 343 680 402 vertice
692 343 784 414 sudit3

134 419 186 477 At
200 417 319 492 Maiam,
332 420 438 478 auditis
451 421 475 479 si
488 422 643 499 quidquam
656 423 805 494 credimus,
818 423 911 493 Atlas,

136 498 228 558 Idem
241 499 326 557 Atlas
340 503 467 578 generat,
481 502 544 560 coeli
557 502 606 579 qui
620 502 713 561 sidera
723 502 811 560 tollit.

141 578 192 636 Sic
206 598 298 656 genus
311 580 459 639 amborum
473 581 577 640 scindit
591 602 620 640 se
634 582 771 659 sauguine
784 582 820 640 ab
833 601 900 639 uuo.

143 658 204 716 His
216 658 316 730 frctus,
329 680 388 717 non
399 659 519 738 legatos,
532 680 623 739 neque
636 661 728 738 prima
740 681 791 739 per
803 664 895 719 artem

144 737 338 797 Tentamenta
349 739 395 797 tui
408 740 519 818 pepigi:
540 761 595 812 me,
610 761 655 798 me
668 741 737 818 ipse,
749 760 901 817 meumque

145 817 247 894 Objeci
258 821 353 896 caput,
367 823 397 878 et
411 821 529 897 supplex
542 820 578 878 ad
590 820 690 878 limina
702 821 776 879 veni.

147 897 225 956 Gens
238 898 346 970 eadem,
360 918 423 975 quas
437 903 475 971 te,
489 900 596 958 crudeli
608 899 723 958 Daunia
735 900 810 958 bello

147 976 330 1053 Insequitur;
350 999 402 1036 nos
416 979 440 1036 si
452 979 569 1056 pellant,
582 979 657 1037 nihil
669 982 745 1038 afore
758 980 887 1050 credunt,

148 1056 223 1128 Quin
236 1077 351 1117 omnem
364 1058 534 1136 Hesperiam
546 1059 661 1136 penitus
674 1080 725 1118 sua
738 1060 790 1118 sub
799 1058 872 1136 juga
884 1058 1014 1131 mittant,

149 1135 190 1194 Et
202 1157 290 1208 mare,
303 1137 380 1215 quod
393 1159 486 1216 supra,
499 1142 626 1210 teneant,
640 1140 770 1216 quodque
783 1139 865 1197 alluit
878 1138 959 1196 infra.

149 1216 261 1293 Accipe,
275 1217 366 1294 daque
378 1217 473 1277 fidem.
514 1219 589 1277 Sunt
603 1219 684 1277 nobis
697 1219 783 1277 fortia
794 1218 868 1276 bello

150 1294 278 1369 Pectora,
291 1301 361 1355 sunt
374 1298 470 1370 animi,
484 1301 514 1357 et
527 1299 610 1357 rebus
624 1301 753 1376 spectata
760 1297 928 1373 juventus.”

186 1374 308 1435 Dixerat
321 1376 436 1436 AEneas.
476 1377 530 1436 Ille
544 1398 584 1450 os,
598 1377 748 1455 oculosque
761 1378 909 1455 loquentes

150 1454 170 1511 J
171 1455 335 1529 amdudum,
348 1460 379 1515 et
391 1461 488 1516 totum
500 1458 642 1516 lustrabat
653 1457 761 1516 lumine
773 1477 883 1535 corpus.

150 1533 224 1592 Tum
237 1535 278 1594 sic
291 1556 381 1613 pauca
392 1538 495 1596 refert:
517 1538 588 1596 “Ut
602 1541 640 1609 te,
654 1537 807 1596 fortissime
820 1537 971 1608 Teucrum,

150 1614 266 1693 Accipio
279 1635 456 1694 agnoscoque
469 1617 576 1676 libens!
596 1621 632 1675 ut
644 1619 731 1676 verba
742 1617 877 1695 parentis,

151 1694 190 1752 Et
202 1715 303 1754 vocem
317 1695 449 1754 Anchisae
462 1697 560 1775 magni
572 1697 742 1775 vultumque
755 1697 900 1756 recordor!

151 1773 227 1832 Nam
240 1773 359 1833 memini
371 1775 506 1835 Hesiona
519 1776 659 1836 visentem
672 1797 761 1854 regna
773 1776 876 1835 sororis

151 1851 411 1915 Laomedontiaden
424 1856 581 1927 Priamum,
595 1856 737 1914 Salamina
749 1858 905 1933 petentem,

152 1932 293 1992 Protenus
306 1934 435 1994 Arcadiae
447 1936 555 2013 gelidos
568 1936 688 1994 invisere
700 1936 780 1993 fines.

152 2013 225 2070 'Pum
238 2013 312 2072 mihi
323 2015 416 2091 prima
428 2036 515 2093 genas
528 2016 652 2074 vestibat
665 2016 733 2073 flore
742 2015 878 2093 juventa:

153 2092 333 2172 Mirabarque
346 2095 430 2154 duces
443 2095 576 2167 Teucros,
588 2095 712 2154 mirabar
724 2099 754 2153 et
766 2095 860 2172 ipsum

152 2171 429 2247 Laomedontiaden3
449 2175 499 2234 sed
512 2175 623 2234 cunctis
636 2175 720 2233 altior
732 2174 795 2234 ibat

153 2253 300 2312 Anchises.
341 2254 419 2312 Mihi
431 2275 512 2314 mens
521 2255 649 2333 juvenali
662 2255 780 2313 ardebat
793 2274 888 2313 amore

153 2332 327 2411 Compellare
340 2333 442 2406 virum,
456 2337 486 2393 et
500 2335 608 2392 dextrae
622 2335 794 2413 conjungere
807 2335 954 2392 dextram:

151 2413 275 2485 Accessi,
288 2416 319 2472 et
332 2413 452 2491 cupidus
465 2415 576 2473 Phenel
590 2415 644 2472 sub
657 2415 764 2473 moenia
776 2413 853 2472 duxi.

152 2490 206 2552 llle
219 2492 293 2551 mihi
304 2493 447 2570 insignem
459 2493 623 2571 pharetram
636 2494 794 2571 Lyciasque
809 2495 930 2570 sagittas

150 2570 308 2632 Discedens
321 2573 556 2651 chlamydemque
569 2594 637 2632 auro
651 2572 730 2631 dedit
743 2573 937 2641 intertextam,

150 2649 303 2730 Frenaque
315 2653 391 2725 bina,
405 2673 486 2712 meus
500 2674 562 2731 quae
575 2674 651 2712 nunc
664 2653 760 2723 habet,
773 2672 867 2724 aurea,
881 2652 984 2709 Pallas.

149 2729 233 2809 Ergo
247 2735 286 2803 et,
299 2752 385 2811 quam
398 2733 505 2810 petitis,
514 2734 618 2811 juncta
629 2736 674 2792 est
686 2732 759 2790 mihi
771 2732 875 2790 foedere
888 2731 1004 2790 dextra:

149 2810 195 2869 Et
208 2811 258 2869 lux
272 2833 361 2889 quum
372 2813 499 2890 primum
510 2813 594 2872 terris
607 2833 637 2871 se
651 2812 774 2870 crastina
786 2811 894 2884 reddet,

149 2890 269 2949 Auxilio
282 2892 363 2950 laetos
376 2893 531 2964 dimittam,
545 2893 701 2970 opibusque
710 2891 826 2970 juvabo.

149 2969 270 3029 Interea
283 2991 361 3030 sacra
373 2972 442 3044 haec,
456 2973 568 3049 quando
580 2973 638 3030 huc
651 2971 770 3029 venistis
783 2970 875 3043 amici,

150 3053 269 3122 Annua,
283 3071 347 3128 quae
361 3051 472 3110 differre
484 3053 572 3124 nefas,
586 3052 726 3110 celebrate
738 3051 866 3109 faventes

151 3129 324 3202 Nobiscum,
337 3134 367 3189 et
376 3131 438 3208 jam
450 3151 527 3190 nunc
540 3131 681 3190 sociorum
694 3130 845 3188 assuescite
857 3127 991 3188 mensis.”
1011 3169 1012 3172 =

195 3210 268 3269 Hac
281 3211 331 3269 ubi
344 3211 430 3282 dicta,
444 3212 529 3288 dapes
537 3211 622 3288 jubet
635 3215 666 3269 et
679 3211 792 3268 sublata
804 3210 902 3286 reponi

155 3289 271 3361 Pocula,
285 3290 485 3368 gramineoque
497 3291 573 3349 viros
585 3291 662 3348 locat
675 3289 735 3366 ipse
748 3289 829 3348 sedili
841 3314 848 3362 ;

156 3370 395 3447 Praecipuumque
408 3374 472 3429 toro
486 3373 516 3429 et
528 3369 620 3428 villosi
636 3369 709 3446 pelle
721 3369 810 3428 lconis

156 3449 270 3526 Accipit
283 3449 404 3522 AEneau,
417 3449 542 3528 solioque
554 3449 660 3508 invitat
676 3469 784 3507 acerno.

157 3529 233 3586 Tum
246 3529 314 3588 lecti
323 3530 442 3607 juvenes
456 3529 589 3588 certatim
602 3548 713 3604 arteque
726 3528 854 3588 sacerdos

157 3607 273 3667 Viscera
284 3612 363 3667 tosta
375 3609 472 3668 ferunt
484 3612 643 3680 taurorum,
656 3612 832 3684 onerantque
845 3605 975 3665 canistris

158 3687 243 3746 Dona
254 3689 388 3747 laborata
402 3689 520 3760 Cereris,
533 3689 736 3763 Bacchumque
748 3686 922 3745 ministrant.
971 3749 972 3753 ἵ

158 3767 290 3826 Vescitur
303 3768 417 3839 AEueas,
431 3769 518 3826 simul
530 3772 560 3827 et
573 3768 697 3848 Trojana
704 3767 853 3846 juventus

155 3845 291 3922 Perpetui
303 3851 384 3924 tergo
398 3848 486 3923 boris,
501 3853 533 3909 ct
544 3849 716 3912 lustralibus
729 3848 816 3911 entis.
