2446 4260
133 220 191 279 188
437 230 619 275 raurncrnrr
632 230 773 274 mancare

134 378 273 435 Exercete
286 376 373 447 odiis3
394 375 535 453 cinerique
548 375 610 433 haec
622 374 733 433 mittite
746 376 846 432 nostro

134 457 265 514 Munera.
304 455 410 514 Nullus
424 475 504 513 amor
516 455 636 532 populis,
649 474 701 512 nec
715 454 821 513 foedera
834 456 929 512 sunto.

135 535 271 594 Exoriare
284 535 383 611 aliquis
396 535 501 594 nostris
515 554 549 593 ex
562 534 671 593 ossibus
684 534 769 605 ultor,

137 615 193 688 Qui
205 615 266 675 face
280 615 438 673 Dardanios
452 615 579 690 ferroque
593 633 709 690 sequare
722 613 845 686 colonos,

136 695 231 767 Nunc,
245 695 323 766 olim,
337 715 513 772 quocumque
526 695 635 752 dabunt
649 715 678 752 se
691 701 820 770 tempore
832 693 916 752 vires.

135 775 236 833 Litora
248 775 379 833 litoribus
393 774 543 846 contraria,
556 774 690 832 fluctibus
703 774 795 831 undas

135 854 289 931 Imprecor,
303 874 381 912 arma
394 855 496 926 armis;
515 857 645 931 pugnent
658 853 767 931 ipsique
780 853 983 931 nepotesque.''

176 934 249 992 Haec
263 934 312 1006 ait,
327 936 357 992 et
370 938 465 1011 partes
479 934 603 992 animum
618 934 749 992 versabat
762 933 793 991 in
806 952 914 1005 omnes,

135 1011 263 1072 Invisum
277 1034 404 1091 quaerens
418 1013 641 1091 quamprimum
654 1014 820 1090 abrumpere
833 1013 935 1072 lucem.

136 1093 213 1150 Tum
224 1093 350 1152 breviter
362 1093 473 1152 Barcen
485 1093 628 1152 nutricem
642 1093 729 1151 affata
742 1093 853 1169 Sycbaei
865 1117 872 1164 ;

136 1172 269 1250 Namque
283 1193 364 1231 suam
377 1172 470 1250 patria
483 1172 600 1249 antiqua
613 1172 684 1231 cinis
698 1174 760 1231 ater
771 1171 913 1231 habebat:

136 1253 278 1311 “Annam
292 1273 356 1311 cara
368 1253 442 1311 mihi
454 1252 554 1310 nutrix
566 1252 623 1310 huc
637 1252 706 1310 siste
720 1271 861 1325 sororem3

136 1332 201 1404 Dic,
215 1353 315 1410 corpus
328 1336 460 1410 properet
473 1332 580 1390 fluviali
594 1351 724 1409 spargere
737 1331 866 1409 lympha,

136 1411 179 1470 Et
191 1414 312 1490 pecudes
325 1433 421 1471 secum
434 1414 464 1471 et
476 1415 637 1470 monstrata
648 1411 759 1488 piacula
772 1411 875 1471 ducat:

138 1491 184 1551 Sic
197 1493 310 1565 veniat;
329 1495 420 1568 tuque
432 1493 494 1569 ipsa
506 1491 554 1569 pia
566 1493 632 1568 tege
645 1495 775 1568 tempora
788 1491 873 1550 vitta.

138 1572 223 1631 Sacra
235 1572 257 1630 J
258 1572 305 1630 ovi
317 1572 429 1650 Stygio,
443 1593 507 1648 quae
521 1571 576 1630 rite
588 1571 702 1648 incepta
713 1571 820 1648 paravi,

138 1651 276 1711 Perficere
289 1655 333 1710 est
347 1651 466 1724 animus,
480 1652 622 1727 finemque
634 1651 779 1728 imponere
792 1651 884 1724 curis3

138 1731 330 1808 Dardaniique
343 1751 446 1809 rogum
459 1731 559 1808 capitis
573 1731 739 1808 permittere
751 1731 905 1790 flammae.'’

138 1811 185 1870 Sic
198 1812 248 1869 ait.
289 1811 344 1868 Illa
356 1811 477 1888 gradum
490 1810 585 1869 studio
597 1810 740 1869 celerabat
754 1811 832 1869 anili.

140 1892 183 1949 At
196 1890 307 1968 trepida
320 1893 349 1948 et
363 1890 463 1968 coeptis
476 1890 647 1949 immanibus
661 1891 745 1949 effera
758 1889 844 1962 Dido,

142 1969 333 2048 Sanguineam
344 1970 461 2029 volvens
474 1970 572 2042 aciem,
585 1970 757 2046 maculisque
770 1971 926 2029 sementes

141 2049 286 2109 Interfusa
298 2070 393 2128 genas,
407 2051 437 2108 et
449 2050 555 2127 pallida
567 2053 660 2108 morte
673 2050 778 2122 futura,

140 2129 284 2189 Interiora
296 2131 396 2188 domus
408 2129 543 2206 irrumpit
556 2129 664 2202 limina,
677 2131 707 2188 et
721 2129 794 2188 altos

141 2208 313 2268 Conscendit
326 2209 478 2268 finibunda
490 2229 583 2287 rogae,
596 2229 747 2285 ensemque
759 2207 880 2267 recludit

140 2289 327 2361 Dardanium,
340 2309 398 2347 non
411 2289 464 2347 hos
477 2288 629 2365 quaesitum
643 2309 746 2346 munus
759 2289 790 2346 in
802 2308 881 2346 usus.

141 2369 201 2427 Hic
213 2374 365 2446 postquam
379 2369 481 2427 Iliacas
493 2372 588 2427 vestes
600 2372 757 2445 notumque
770 2367 862 2428 cubile

142 2449 305 2526 Conspexit,
319 2449 435 2526 paulum
447 2448 570 2507 lacrimis
584 2452 614 2507 et
628 2452 724 2507 mente
737 2450 857 2521 morata,

142 2529 333 2605 Incubuitque
346 2531 419 2601 toro,
433 2529 560 2605 dixitque
573 2528 727 2587 novissima
738 2529 840 2586 verba:

142 2612 159 2640 “
169 2608 273 2667 Dulces
287 2609 402 2681 exuviae,
416 2610 484 2667 dum
498 2609 558 2667 fata
571 2609 695 2686 deusque
708 2607 848 2678 sinebant,

141 2688 271 2766 Accipite
283 2689 357 2747 hanc
370 2689 503 2760 animam,
516 2708 617 2766 meque
629 2688 675 2746 his
688 2687 824 2746 exsolvite
836 2685 919 2745 curis.

141 2767 217 2840 Vixi,
231 2772 270 2841 et,
284 2788 368 2845 quem
382 2769 497 2828 dederat
511 2788 625 2827 cursum
637 2768 761 2839 fortuna,
773 2766 885 2845 peregi3

142 2847 185 2905 Et
197 2868 273 2907 nune
286 2868 391 2926 magna
403 2848 460 2906 mei
473 2848 526 2906 sub
539 2851 629 2906 terras
642 2847 698 2905 ibit
710 2847 815 2923 imago.

142 2926 251 2986 Urbem
263 2928 425 3005 praeclaram
438 2928 545 2999 statui3
564 2947 627 2986 mea
639 2926 744 2985 moenia
755 2925 830 2999 vidi3

142 3005 215 3064 Ulta
226 3007 329 3079 virum,
342 3028 439 3084 poenas
452 3007 567 3065 inimico
581 3026 598 3064 a
610 3006 697 3065 fratre
710 3003 817 3082 recepi:

144 3086 234 3160 Felix,
247 3087 304 3146 heu
316 3086 438 3145 nimium
450 3088 526 3158 felix,
540 3087 565 3144 si
576 3086 661 3145 litora
672 3087 789 3145 tantum

142 3166 299 3244 Nunquam
312 3167 464 3226 Dardaniae
476 3165 641 3243 tetigissent
653 3168 752 3223 nostra
764 3163 867 3223 carinoe
875 3163 903 3222 1¹²

142 3246 242 3305 Dixit:
263 3249 293 3306 et
306 3267 338 3306 os
351 3247 487 3324 impressa
498 3250 572 3317 toro,
586 3250 603 3276 “
612 3245 771 3304 Moriemur
782 3244 899 3302 inultae!

142 3326 199 3384 Sed
211 3327 364 3385 moriamur
373 3327 400 3385 !”
423 3327 473 3385 ait.
513 3331 530 3356 “
539 3325 594 3397 Sic,
607 3325 647 3382 sic
656 3324 740 3402 juvat
752 3324 794 3382 ire
807 3324 860 3382 sub
873 3322 997 3381 umbras.

139 3406 265 3465 Hauriat
278 3407 356 3464 hunc
369 3406 458 3465 oculis
471 3406 569 3483 ignem
582 3404 702 3463 crudelis
716 3404 752 3462 ab
766 3404 826 3462 alto

142 3486 301 3557 Dardanus,
315 3490 345 3545 et
358 3487 466 3544 nostrae
480 3505 576 3544 secum
589 3485 661 3543 ferat
675 3484 771 3542 omina
782 3482 914 3541 mortis,”

180 3566 317 3625 Dixerat:
338 3568 424 3642 atque
437 3565 517 3623 illam
529 3564 623 3624 media
634 3564 710 3622 inter
723 3562 795 3622 talia
806 3564 881 3622 ferro

141 3643 302 3723 Collapsam
315 3645 456 3722 aspiciunt
469 3645 596 3718 comites,
610 3663 761 3721 ensemque
775 3663 873 3702 cruore

141 3725 337 3803 Spumantem,
351 3745 516 3802 sparsasque
528 3744 638 3783 manus.
680 3724 712 3781 It
725 3724 831 3782 clamor
844 3720 954 3780 adalta

142 3804 242 3877 Atria3
262 3826 427 3865 concussam
440 3804 595 3864 bacchatur
606 3805 683 3862 fama
694 3823 745 3880 per
758 3803 867 3861 urbem.

136 3883 297 3961 Lamentis,
312 3885 491 3968 gemituque,
503 3887 534 3944 et
543 3883 666 3942 lemmeo
675 3884 793 3940 ulxdatu

132 3967 227 4031 Tecta
240 3969 395 4046 fremunt3
415 3970 535 4030 resonat
545 3962 664 4043 magnis
672 3959 860 4039 plangoribus
869 3956 978 4013 abner:
