2446 4260
137 247 197 304 342
443 257 470 298 n.
484 255 625 298 mnemn
638 255 781 297 morus

139 403 199 461 Sub
213 400 342 478 precibus
355 398 439 457 venia
452 398 510 457 ulla
523 399 604 470 latet,
617 400 769 474 totumque
782 399 893 458 moveri

139 480 283 539 Mutarive
296 482 380 556 putas
394 478 518 537 bellum:
540 498 603 554 spes
616 479 707 554 pascis
720 478 848 537 inanes.”

140 562 183 619 Et
196 560 218 618 J
219 580 276 619 uno
290 559 486 617 allacrimans:
508 563 524 588 “
534 557 610 629 Ouid
623 558 655 629 si,
670 559 745 633 quod
758 579 827 617 voce
841 560 976 636 gravans,

140 641 243 699 Mente
257 640 354 710 dares3
375 641 461 714 atque
475 638 536 695 haec
551 637 648 695 Turno
662 642 726 695 rata
738 638 799 696 vita
813 641 966 698 maneret?

140 720 229 778 Nunc
242 722 341 776 manet
353 719 495 775 insontem
510 717 605 794 gravis
619 717 729 776 exitus:
750 722 801 776 aut
815 739 869 796 ego
883 721 943 778 veri

140 799 223 857 Vana
235 799 317 856 feror.
359 797 442 869 Quod
455 800 489 853 ut
503 817 519 854 o
533 797 629 874 potius
642 798 791 855 formidine
805 799 878 857 falsa

139 878 245 949 Iiudar,
259 880 289 935 et
302 877 332 934 in
346 877 446 934 melius
459 880 520 947 tua,
534 876 583 952 qui
596 880 686 954 potes,
700 897 763 934 orsa
774 879 904 936 reflectas
914 880 920 936 l
931 879 948 904 '‘

140 958 213 1016 Haec
226 957 276 1015 ubi
290 957 367 1014 dicta
380 956 467 1026 dedit,
482 955 553 1013 coelo
567 977 596 1014 se
609 960 744 1033 protenus
758 958 816 1015 alto

140 1037 233 1108 Misit,
248 1056 334 1112 agens
347 1035 471 1093 hiemem
485 1036 582 1094 nimbo
597 1036 740 1094 succincta
753 1057 803 1113 per
816 1057 900 1096 auras
912 1063 919 1111 3

140 1115 312 1192 Iliacamque
326 1116 414 1173 aciem
428 1119 457 1173 et
471 1115 627 1173 Laurentia
639 1119 732 1173 castra
744 1117 856 1192 petivit.

140 1196 217 1253 Tum
230 1195 283 1253 dea
295 1196 371 1255 nube
384 1215 453 1253 cava
465 1198 582 1253 tenuem
596 1196 656 1253 sine
669 1196 776 1253 viribus
789 1198 923 1255 umbram

140 1274 178 1332 In
191 1275 292 1333 faciem
305 1275 412 1345 AEneae‚
427 1275 491 1333 visu
504 1274 631 1333 mirabile
643 1279 813 1348 monstrum,

139 1353 292 1412 Dardaniis
305 1359 389 1413 ornat
401 1355 466 1412 telis
479 1379 485 1425 ;
506 1354 681 1432 clipeumque
690 1356 831 1433 jubasque

139 1433 241 1492 Divini
254 1435 401 1492 assimulat
415 1434 532 1510 capitis3
553 1435 603 1492 dat
616 1434 711 1492 inania
724 1437 809 1494 verba
822 1461 828 1508 ;

140 1513 202 1572 Dat
215 1514 276 1573 sine
288 1517 385 1572 mente
399 1534 509 1584 sonum,
523 1533 690 1590 gressusque
703 1515 814 1592 effingit
828 1516 939 1574 euntis:

140 1593 239 1652 Morte
253 1595 332 1652 obita
346 1594 441 1668 quales
456 1594 531 1651 lama
544 1597 588 1651 est
602 1594 720 1652 volitare
735 1595 850 1672 figuras,

140 1676 204 1731 Aut
217 1692 281 1749 quae
294 1674 401 1750 sopitos
415 1673 555 1730 deludunt
568 1673 678 1731 somnia
691 1694 797 1732 sensus.

141 1753 184 1811 At
197 1753 302 1829 primas
315 1754 382 1810 laeta
395 1757 462 1810 ante
476 1753 548 1810 acies
562 1754 685 1811 exsultat
699 1754 803 1831 imago,

141 1833 299 1908 Irritatque
312 1833 406 1890 virum
420 1833 493 1903 telis,
507 1836 537 1890 et
550 1853 618 1891 voce
632 1832 751 1891 lasessit.

141 1911 240 1971 Instat
253 1913 299 1971 cui
312 1912 435 1983 Turnus,
450 1912 673 1987 stridentemque
686 1913 795 1971 eminus
808 1913 924 1971 hastam

141 1991 284 2070 Oonjicit3
303 1992 352 2050 illa
365 1993 432 2050 dato
445 1992 533 2049 vertit
546 1992 668 2069 vestigia
680 1996 771 2070 tergo.

140 2072 216 2130 Tum
228 2092 295 2130 vero
308 2072 420 2130 AEnean
434 2092 562 2129 aversum
576 2075 610 2129 nt
624 2072 720 2130 cedere
734 2073 849 2130 Turnus

142 2151 279 2223 Credidit,
293 2155 378 2227 atque
392 2151 486 2208 animo
500 2171 577 2228 spem
588 2152 719 2209 turbidus
732 2152 829 2209 hausit
842 2152 975 2211 inanem:

142 2236 158 2263 “
168 2232 231 2302 Quo
243 2231 328 2308 fugis,
343 2230 459 2288 AEnea'?
479 2231 621 2288 thalamos
635 2252 671 2289 ne
685 2233 779 2289 desere
792 2235 909 2308 pactos:

142 2311 208 2368 Hac
222 2310 337 2368 dabitur
349 2310 449 2367 dextra
461 2310 547 2367 tellus
561 2312 680 2385 quaesita
693 2332 742 2388 per
755 2312 875 2368 undas.’'

142 2390 223 2448 Talia
235 2390 390 2447 vociferans
405 2390 540 2464 sequitur,
555 2390 743 2466 strictumque
757 2394 887 2449 coruscat

141 2470 327 2540 Mucronem3
347 2489 398 2526 nec
412 2469 484 2526 ferre
497 2470 576 2527 videt
590 2491 641 2527 sua
653 2471 757 2546 gaudia
770 2475 881 2528 ventos.

141 2550 230 2607 Forte
243 2549 313 2606 ratis
327 2549 392 2607 celsi
407 2549 558 2624 conjuncta
571 2550 711 2626 crepidine
725 2551 785 2608 saxi

140 2629 288 2706 Expositis
303 2630 398 2686 stabat
412 2629 501 2699 scalis,
516 2633 545 2687 et
558 2634 646 2705 ponte
659 2633 758 2706 parato
770 2654 777 2702 3

141 2710 204 2780 Qua
216 2729 266 2766 rex
279 2708 402 2766 Clusinis
416 2710 547 2766 advectus
562 2709 675 2766 Osinius
689 2710 753 2767 oris.

141 2788 210 2846 Huc
224 2809 283 2847 sese
296 2789 408 2866 trepida
420 2789 517 2846 AEneae
526 2788 663 2864 fugientis
676 2789 771 2866 imago

141 2867 264 2946 Oonjicit
278 2869 307 2926 in
322 2869 460 2939 latebras3
480 2888 532 2925 nec
547 2869 660 2926 Turnus
674 2870 787 2945 segnior
798 2868 908 2941 instut;

139 2948 355 3024 Exsuperatque
369 2968 470 3018 moras,
485 2951 514 3005 et
527 2951 629 3023 pontes
642 2949 767 3005 transilit
780 2948 861 3005 altos.

140 3028 197 3086 Vix
209 3048 323 3104 proram
336 3029 489 3103 attigerat:
510 3027 618 3103 rumpit
633 3027 766 3085 Saturnia
779 3029 885 3099 funem,

138 3108 332 3184 Avulsamque
345 3108 420 3183 rapit
433 3107 561 3165 revoluta
573 3127 623 3183 per
636 3128 748 3182 aequora
759 3128 870 3165 navem.

140 3187 228 3244 Illum
242 3191 338 3244 autern
348 3187 454 3244 AEneas
467 3187 612 3244 absentem
626 3187 655 3243 in
669 3187 767 3263 prcelia
779 3188 871 3263 poscit
883 3211 889 3256 ;

140 3266 233 3324 Obvia
245 3267 339 3324 multa
351 3267 445 3323 virum
458 3266 587 3324 demittit
601 3287 718 3343 corpora
730 3267 825 3324 morti.

141 3347 217 3404 Tum
229 3347 299 3405 levis
312 3346 389 3404 haud
402 3346 478 3403 ultra
491 3346 612 3404 latebras
621 3347 682 3424 jam
697 3348 798 3423 quaerit
811 3346 915 3422 image,

140 3426 196 3484 Sed
210 3427 330 3484 sublime
343 3427 441 3483 volans
454 3426 524 3483 nubi
538 3446 567 3483 se
580 3426 736 3484 immiscuit
750 3430 838 3484 atrae:

139 3505 235 3576 Quum
250 3507 380 3564 Turnum
394 3505 486 3563 medio
499 3505 608 3563 interea
621 3506 677 3563 fert
690 3527 800 3583 aequore
813 3507 909 3564 turbo.

139 3584 270 3661 Respicit
283 3587 398 3663 ignarus
412 3605 515 3656 rerum,
528 3585 714 3662 ingratusque
728 3586 835 3655 salutis
912 3593 913 3597 ’

139 3664 182 3722 Et
195 3665 321 3742 duplices
335 3686 400 3723 cum
413 3685 482 3723 voce
495 3685 596 3722 manus
611 3665 647 3721 ad
660 3666 751 3723 sidera
763 3665 876 3723 tendit:

139 3744 355 3820 “Omnipotens
369 3746 490 3822 genitor,
504 3744 617 3802 tanton'
632 3764 678 3802 me
692 3745 809 3803 crimine
823 3746 944 3821 dignum

139 3822 268 3898 Duxisti,
282 3828 312 3884 et
325 3826 399 3884 tales
412 3825 529 3883 uoluisti
542 3823 697 3900 expendere
710 3824 832 3901 poenas?

136 3907 202 3982 Quo
217 3906 319 3969 feror?
335 3907 414 3966 unde
427 3904 507 3965 abb‘l
525 3923 590 3981 quea
599 3922 649 3958 nne
658 3904 742 3975 luga„
751 3923 870 3974 quemue
877 3903 1015 3962 reducet?

130 3991 339 4054 Laurentisne
350 3990 468 4050 iterum
477 4004 580 4044 muros
592 3983 648 4040 aut
659 3976 891 4036 castrauideno‘i
