2446 4260
471 235 613 279 munos
626 235 690 278 m.
704 236 733 278 X.

131 375 247 436 Italiam
259 377 327 437 fatis
338 377 423 456 petiit
437 379 740 437 auctoribus-esto-

131 456 295 516 Cassandroe
307 458 445 535 impulsus
458 459 548 517 furiis.
588 459 670 516 Num
683 459 809 535 linquere
823 463 916 518 castra

130 536 253 596 Hortati
265 558 363 596 sumus
377 542 427 596 aut
440 538 530 596 vitam
545 539 725 597 committere
738 538 857 598 ventis?

130 616 212 675 Num
225 638 312 695 puero
325 639 466 676 summam
477 619 553 690 belli,
566 639 635 676 num
649 619 760 677 credere
773 618 893 679 muros?

131 696 344 773 Tyrrhenamve
357 698 442 756 fidem
455 702 506 756 aut
519 701 618 775 gentes
633 699 741 776 agitare
755 698 889 776 quietas?

131 775 201 847 Quis
215 778 284 836 deus
297 778 327 834 in
340 777 476 849 fraudem,
490 772 553 855 q‘trae
566 778 637 836 dura
648 778 778 856 potentia
789 778 881 837 nostri

130 854 227 933 Egit?
267 857 326 916 Ubi
339 857 386 916 hic
400 857 487 927 Juno,
502 857 656 916 demissave
669 859 792 917 nubibus
807 857 887 918 Iris?

131 934 290 1014 Indignum
303 941 355 1009 est,
369 937 461 995 Italos
474 937 589 1015 'l'rojam
602 938 775 997 circumdare
788 938 910 998 flammis

131 1014 315 1087 Nascentem,
329 1020 358 1075 et
371 1017 464 1093 patria
477 1017 606 1074 Turnum
620 1017 773 1076 consistere
785 1021 870 1092 terra,

132 1093 186 1152 Oui
200 1095 352 1153 Pilumnus
365 1117 443 1168 amis,
457 1096 503 1154 cui
516 1096 582 1154 diva
596 1096 706 1155 Venilia
719 1101 819 1156 mater.

131 1173 217 1246 Quid,
229 1176 290 1234 face
303 1176 439 1253 Trojanos
453 1180 515 1234 atra
527 1176 588 1233 vim
599 1176 671 1235 ferre
685 1177 798 1235 Latinis
810 1176 824 1236 Ρ

132 1255 211 1312 Arva
223 1254 313 1314 aliena
321 1255 393 1332 jugo
406 1276 540 1333 premere,
554 1259 640 1332 atque
654 1257 799 1315 advertere
812 1257 943 1334 prades?

133 1334 217 1406 Quid,
231 1355 340 1393 soceros
352 1335 453 1413 legere,
466 1339 496 1394 et
510 1336 624 1413 gremiis
638 1337 774 1395 abducere
787 1337 909 1415 pactas?

132 1411 238 1472 Pacem
251 1434 329 1473 orare
341 1435 438 1486 manu,
451 1416 598 1493 praefigere
611 1416 752 1494 puppibus
765 1415 867 1476 arma?

132 1492 178 1550 Tu
191 1497 272 1570 potes
286 1495 396 1553 AEneau
409 1496 539 1552 manibus
553 1497 706 1554 subducere
720 1495 848 1568 Graium,

133 1571 245 1649 Proque
257 1573 319 1633 viro
332 1575 464 1633 nebulam
477 1578 507 1633 et
520 1578 621 1634 ventos
635 1576 787 1634 obtendere
799 1577 913 1648 inanes3

132 1652 174 1710 Et
187 1656 269 1729 potes
281 1653 313 1711 in
324 1654 448 1712 totidem
461 1654 578 1712 classem
591 1659 754 1714 convertere
767 1656 925 1733 nymphas:

133 1731 196 1790 Nos
209 1733 317 1809 aliquid
328 1733 454 1792 Rutulos
468 1738 568 1792 contra
576 1735 693 1811 juvisse,
707 1736 862 1794 nefandum
874 1734 943 1794 est?

133 1811 238 1870 AEneas
250 1813 366 1889 ignarus
380 1815 476 1872 abest:
496 1814 613 1891 ignarus
625 1817 655 1872 et
669 1815 752 1873 absit.

132 1891 190 1948 Est
203 1891 329 1969 Paphus,
343 1893 522 1970 Idaliumque
535 1893 598 1965 tibi,
612 1898 680 1952 sunt
693 1895 753 1952 alta
766 1893 908 1972 Cythera:

133 1970 210 2043 Quid
223 1973 369 2048 gravidam
382 1973 463 2031 bellis
476 1974 576 2032 urbem
589 1977 619 2032 et
633 1974 717 2032 corda
730 1993 827 2051 aspera
839 1972 960 2033 tentas?

133 2050 233 2109 Nosne
245 2052 301 2110 tibi
313 2052 402 2110 fluxas
417 2053 551 2130 Phrygia
564 2073 609 2112 res
622 2057 732 2112 vertere
744 2053 832 2112 fundo

134 2128 301 2190 conamur?
321 2132 399 2192 nos?
419 2153 456 2191 an
469 2133 586 2191 miseros
600 2133 649 2209 qui
662 2134 750 2192 Troas
764 2132 883 2192 Achivis

134 2209 271 2289 Objeciti>
292 2231 355 2288 quae
368 2232 452 2270 causa
464 2213 528 2285 fuit,
542 2232 710 2290 consurgere
723 2214 753 2270 in
767 2233 846 2271 arma

133 2289 335 2368 Europamque
348 2292 510 2368 Asiamque,
524 2295 553 2350 et
566 2293 672 2351 foedera
685 2293 791 2352 salvem
804 2291 906 2352 fruto?

134 2369 186 2429 Me
199 2371 270 2429 duce
284 2371 445 2429 Dardanius
459 2371 592 2448 Spartam
605 2373 779 2450 expugnavit
793 2371 927 2432 adulter?

134 2450 197 2508 Aut
210 2470 264 2527 ego
276 2450 336 2509 tela
348 2451 421 2522 dedi,
435 2450 528 2510 fovive
542 2450 681 2529 Cupidine
693 2451 790 2511 bella?

135 2529 210 2587 Tum
224 2530 320 2588 decuit
333 2530 468 2589 metuisse
480 2532 556 2602 tuis3
576 2552 652 2590 nunc
666 2552 728 2590 sera
740 2532 859 2609 querelis

136 2609 224 2668 Haud
233 2610 321 2686 justis
335 2611 467 2688 assurgis,
481 2615 511 2670 et
524 2611 606 2669 irrita
614 2612 711 2689 jurgia
719 2612 842 2688 jactas.’'

174 2689 291 2748 Talibus
305 2690 404 2748 orabat
417 2690 437 2747 J
440 2711 513 2749 uno:
534 2692 685 2767 cunctique
697 2690 857 2748 fremebant

136 2767 278 2827 (loelicolae
292 2790 407 2828 assensu
418 2771 505 2829 vario.
547 2769 608 2828 Ceu
619 2770 735 2828 flamina
748 2769 840 2847 prima

137 2849 233 2921 Quum
246 2848 383 2926 deprensa
394 2851 521 2908 fremunt
534 2850 622 2921 silvis,
635 2854 665 2908 et
679 2868 751 2908 caeca
763 2849 897 2907 volutant

137 2927 295 3000 Murmura,
308 2933 444 2988 venturos
458 2930 553 2988 nautis
566 2930 715 3007 prodentia
727 2932 837 2987 ventos.

137 3007 212 3066 Tum
225 3011 306 3085 pater
319 3009 506 3087 omnipotens,
520 3029 615 3068 rerum
628 3010 674 3068 cui
687 3029 799 3068 summa
811 3010 948 3085 potestas,

137 3087 218 3146 Infit.
259 3089 304 3146 Eo
318 3088 429 3147 dicente
442 3089 526 3147 deum
540 3090 641 3148 domus
654 3090 713 3148 alta
725 3088 847 3159 silescit3

137 3168 178 3226 Et
191 3168 360 3226 tremefacta
372 3169 431 3226 solo
444 3168 545 3240 tellus;
565 3169 631 3226 silet
644 3170 748 3226 arduus
761 3167 868 3240 aether3

137 3248 213 3306 Tum
227 3247 344 3326 zephyri
355 3268 472 3325 posuere
484 3273 491 3320 ;
510 3249 614 3325 premit
628 3248 738 3326 placida
750 3266 862 3322 aequora
874 3249 988 3324 pontus.

138 3328 293 3404 “Accipite
306 3347 374 3404 ergo
387 3328 489 3386 animis
503 3331 588 3404 atque
601 3328 662 3386 haec
675 3347 739 3386 mea
751 3328 833 3404 figite
846 3327 932 3386 diota.

139 3407 374 3483 Quandoquidem
387 3408 528 3466 Ausonios
542 3408 677 3486 conjungi
689 3407 794 3466 foedere
807 3406 923 3465 Teucris

139 3487 228 3545 Haud
239 3486 369 3559 licitum3
389 3508 440 3545 uec
453 3490 548 3546 restra
561 3489 637 3565 capit
650 3487 789 3546 discordia
801 3487 902 3544 finem:

139 3567 209 3639 Quae
222 3567 323 3642 cuique
336 3571 381 3625 est
393 3567 509 3624 fortuna
521 3566 613 3638 hodie,
628 3587 714 3643 quam
727 3567 844 3643 quisque
858 3566 934 3622 secat
947 3581 1035 3640 spem,

139 3647 210 3706 Tros
224 3646 389 3705 Rutulusve
401 3647 472 3718 fuat,
485 3646 564 3705 nullo
579 3647 739 3705 discrimine
751 3645 878 3716 habeb0;

139 3727 194 3786 Seu
207 3727 275 3785 fatis
288 3726 397 3784 Italum
410 3730 503 3786 castra
515 3727 660 3785 obsidione
672 3729 816 3795 tenentur,

139 3807 203 3866 Sive
217 3826 310 3865 errore
322 3806 397 3865 malo
411 3807 503 3884 Trojae
516 3806 688 3880 monitisque
701 3804 832 3862 sinistris.

139 3887 201 3946 Nec
214 3886 341 3944 Rutulos
355 3886 442 3944 solvo.
483 3886 541 3944 Sua
553 3885 654 3963 cuique
667 3904 767 3943 exorsa
777 3883 907 3943 laborem

134 3966 348 4041 Fortunamque
358 3965 460 4024 terent.
502 3966 569 4027 Rex
583 3966 704 4047 Jupiter
718 3966 858 4028 omnibus
867 3965 960 4025 idem.
