<?xml version="1.0" encoding="UTF-8"?>
<!DOCTYPE html PUBLIC "-//W3C//DTD XHTML 1.0 Transitional//EN"
    "http://www.w3.org/TR/xhtml1/DTD/xhtml1-transitional.dtd">
<html xmlns="http://www.w3.org/1999/xhtml" xml:lang="en" lang="en">
 <head>
  <title>
</title>
<meta http-equiv="Content-Type" content="text/html;charset=utf-8" />
  <meta name='ocr-system' content='tesseract 3.04.00' />
  <meta name='ocr-capabilities' content='ocr_page ocr_carea ocr_par ocr_line ocrx_word'/>
</head>
<body>
  <div class='ocr_page' id='page_1' title='image "./worksfromtexthe00virggoog_0429.png"; bbox 0 0 2446 4260; ppageno 0'>
   <div class='ocr_carea' id='block_1_1' title="bbox 139 204 785 263">
    <p class='ocr_par' dir='ltr' id='par_1_1' title="bbox 139 204 785 263">
     <span class='ocr_line' id='line_1_1' title="bbox 139 204 785 263; baseline -0.015 0"><span class='ocrx_word' id='word_1_1' title='bbox 139 204 199 263; x_wconf 85' lang='grc'>396</span> <span class='ocrx_word' id='word_1_2' title='bbox 447 215 474 256; x_wconf 81' lang='lat' dir='ltr'>r.</span> <span class='ocrx_word' id='word_1_3' title='bbox 488 212 628 255; x_wconf 80' lang='lat' dir='ltr'>vrnornn</span> <span class='ocrx_word' id='word_1_4' title='bbox 642 211 785 254; x_wconf 77' lang='lat' dir='ltr'>morus</span> 
     </span>
    </p>
   </div>
   <div class='ocr_carea' id='block_1_2' title="bbox 140 354 987 753">
    <p class='ocr_par' dir='ltr' id='par_1_2' title="bbox 140 354 987 753">
     <span class='ocr_line' id='line_1_2' title="bbox 140 354 987 434; baseline -0.002 -16"><span class='ocrx_word' id='word_1_5' title='bbox 140 358 266 418; x_wconf 86' lang='lat' dir='ltr'>Nomine</span> <span class='ocrx_word' id='word_1_6' title='bbox 280 376 420 434; x_wconf 88' lang='lat' dir='ltr'>quemque</span> <span class='ocrx_word' id='word_1_7' title='bbox 432 377 544 428; x_wconf 88' lang='lat' dir='ltr'>vocans,</span> <span class='ocrx_word' id='word_1_8' title='bbox 557 358 714 432; x_wconf 87' lang='lat' dir='ltr'>notumque</span> <span class='ocrx_word' id='word_1_9' title='bbox 728 354 867 432; x_wconf 80' lang='lat' dir='ltr'>efflagitat</span> <span class='ocrx_word' id='word_1_10' title='bbox 881 376 987 416; x_wconf 84' lang='lat' dir='ltr'><strong>ensem.</strong></span> 
     </span>
     <span class='ocr_line' id='line_1_3' title="bbox 141 435 836 513; baseline -0.009 -16"><span class='ocrx_word' id='word_1_11' title='bbox 141 440 247 497; x_wconf 83' lang='lat' dir='ltr'>AEneas</span> <span class='ocrx_word' id='word_1_12' title='bbox 260 440 384 495; x_wconf 86' lang='lat' dir='ltr'>mortem</span> <span class='ocrx_word' id='word_1_13' title='bbox 397 440 505 509; x_wconf 87' lang='lat' dir='ltr'>contra,</span> <span class='ocrx_word' id='word_1_14' title='bbox 518 455 695 513; x_wconf 87' lang='lat' dir='ltr'>praescnsque</span> <span class='ocrx_word' id='word_1_15' title='bbox 708 435 836 492; x_wconf 87' lang='lat' dir='ltr'>minatur</span> 
     </span>
     <span class='ocr_line' id='line_1_4' title="bbox 141 516 942 594; baseline -0.002 -18"><span class='ocrx_word' id='word_1_16' title='bbox 141 518 282 588; x_wconf 83' lang='lat' dir='ltr'>Exitium,</span> <span class='ocrx_word' id='word_1_17' title='bbox 296 517 321 574; x_wconf 88' lang='lat' dir='ltr'>si</span> <span class='ocrx_word' id='word_1_18' title='bbox 334 516 484 594; x_wconf 91' lang='lat' dir='ltr'>quisquam</span> <span class='ocrx_word' id='word_1_19' title='bbox 497 517 596 587; x_wconf 71' lang='lat' dir='ltr'>adeat,</span> <span class='ocrx_word' id='word_1_20' title='bbox 615 517 760 591; x_wconf 89' lang='lat' dir='ltr'>terretque</span> <span class='ocrx_word' id='word_1_21' title='bbox 774 517 942 589; x_wconf 88' lang='lat' dir='ltr'>trementes,</span> 
     </span>
     <span class='ocr_line' id='line_1_5' title="bbox 141 594 867 673; baseline -0.003 -18"><span class='ocrx_word' id='word_1_22' title='bbox 141 597 315 656; x_wconf 82' lang='lat' dir='ltr'>Excisurum</span> <span class='ocrx_word' id='word_1_23' title='bbox 327 597 427 655; x_wconf 88' lang='lat' dir='ltr'>urbem</span> <span class='ocrx_word' id='word_1_24' title='bbox 441 596 586 667; x_wconf 88' lang='lat' dir='ltr'>minitans,</span> <span class='ocrx_word' id='word_1_25' title='bbox 600 598 630 673; x_wconf 87' lang='lat' dir='ltr'>et</span> <span class='ocrx_word' id='word_1_26' title='bbox 644 594 754 652; x_wconf 89' lang='lat' dir='ltr'>saucius</span> <span class='ocrx_word' id='word_1_27' title='bbox 768 594 867 653; x_wconf 87' lang='lat' dir='ltr'>instat.</span> 
     </span>
     <span class='ocr_line' id='line_1_6' title="bbox 143 674 944 753; baseline -0.002 -19"><span class='ocrx_word' id='word_1_28' title='bbox 143 677 275 752; x_wconf 80' lang='lat' dir='ltr'>Quinque</span> <span class='ocrx_word' id='word_1_29' title='bbox 288 676 369 734; x_wconf 88' lang='lat' dir='ltr'>orbes</span> <span class='ocrx_word' id='word_1_30' title='bbox 383 675 497 753; x_wconf 84' lang='lat' dir='ltr'>explent</span> <span class='ocrx_word' id='word_1_31' title='bbox 511 695 602 745; x_wconf 87' lang='lat' dir='ltr'>cursu,</span> <span class='ocrx_word' id='word_1_32' title='bbox 617 674 794 751; x_wconf 87' lang='lat' dir='ltr'>totidemque</span> <span class='ocrx_word' id='word_1_33' title='bbox 808 678 944 733; x_wconf 85' lang='lat' dir='ltr'>retexunt</span> 
     </span>
    </p>
   </div>
   <div class='ocr_carea' id='block_1_3' title="bbox 142 753 962 973">
    <p class='ocr_par' dir='ltr' id='par_1_3' title="bbox 142 753 962 973">
     <span class='ocr_line' id='line_1_7' title="bbox 143 753 962 832; baseline 0 -19"><span class='ocrx_word' id='word_1_34' title='bbox 143 757 212 815; x_wconf 90' lang='lat' dir='ltr'>Huc</span> <span class='ocrx_word' id='word_1_35' title='bbox 225 755 302 813; x_wconf 92' lang='lat' dir='ltr'>illuc.</span> <span class='ocrx_word' id='word_1_36' title='bbox 342 755 445 831; x_wconf 80' lang='lat' dir='ltr'>Neque</span> <span class='ocrx_word' id='word_1_37' title='bbox 459 755 535 812; x_wconf 91' lang='lat' dir='ltr'>enim</span> <span class='ocrx_word' id='word_1_38' title='bbox 547 753 622 812; x_wconf 90' lang='lat' dir='ltr'>levia</span> <span class='ocrx_word' id='word_1_39' title='bbox 635 757 685 812; x_wconf 88' lang='lat' dir='ltr'>aut</span> <span class='ocrx_word' id='word_1_40' title='bbox 697 753 807 812; x_wconf 89' lang='lat' dir='ltr'>ludicra</span> <span class='ocrx_word' id='word_1_41' title='bbox 819 759 962 832; x_wconf 91' lang='lat' dir='ltr'>petuntur</span> 
     </span>
     <span class='ocr_line' id='line_1_8' title="bbox 142 833 905 911; baseline 0 -18"><span class='ocrx_word' id='word_1_42' title='bbox 142 835 281 907; x_wconf 81' lang='lat' dir='ltr'>Praemia;</span> <span class='ocrx_word' id='word_1_43' title='bbox 301 835 351 893; x_wconf 86' lang='lat' dir='ltr'>sed</span> <span class='ocrx_word' id='word_1_44' title='bbox 364 834 455 892; x_wconf 83' lang='lat' dir='ltr'>Turni</span> <span class='ocrx_word' id='word_1_45' title='bbox 468 836 502 892; x_wconf 90' lang='lat' dir='ltr'>de</span> <span class='ocrx_word' id='word_1_46' title='bbox 515 833 577 892; x_wconf 83' lang='lat' dir='ltr'>vita</span> <span class='ocrx_word' id='word_1_47' title='bbox 589 837 619 892; x_wconf 89' lang='lat' dir='ltr'>et</span> <span class='ocrx_word' id='word_1_48' title='bbox 633 833 770 911; x_wconf 88' lang='lat' dir='ltr'>sanguine</span> <span class='ocrx_word' id='word_1_49' title='bbox 783 837 905 893; x_wconf 87' lang='lat' dir='ltr'>certant.</span> 
     </span>
     <span class='ocr_line' id='line_1_9' title="bbox 143 912 775 973; baseline -0.003 0"><span class='ocrx_word' id='word_1_50' title='bbox 143 914 232 973; x_wconf 83' lang='lat' dir='ltr'>Forte</span> <span class='ocrx_word' id='word_1_51' title='bbox 246 934 324 972; x_wconf 89' lang='lat' dir='ltr'>sacer</span> <span class='ocrx_word' id='word_1_52' title='bbox 337 914 439 971; x_wconf 84' lang='lat' dir='ltr'>Fauno</span> <span class='ocrx_word' id='word_1_53' title='bbox 451 913 525 972; x_wconf 87' lang='lat' dir='ltr'>foliis</span> <span class='ocrx_word' id='word_1_54' title='bbox 539 912 660 971; x_wconf 75' lang='lat' dir='ltr'>oleaster</span> <span class='ocrx_word' id='word_1_55' title='bbox 673 913 775 971; x_wconf 88' lang='lat' dir='ltr'>amaris</span> 
     </span>
    </p>
   </div>
   <div class='ocr_carea' id='block_1_4' title="bbox 18 992 847 1071">
    <p class='ocr_par' dir='ltr' id='par_1_4' title="bbox 18 992 847 1071">
     <span class='ocr_line' id='line_1_10' title="bbox 18 992 847 1071; baseline -0.002 -19"><span class='ocrx_word' id='word_1_56' title='bbox 18 1001 21 1007; x_wconf 82' lang='grc'><strong>’</strong></span> <span class='ocrx_word' id='word_1_57' title='bbox 142 994 202 1052; x_wconf 89' lang='lat' dir='ltr'>Hic</span> <span class='ocrx_word' id='word_1_58' title='bbox 215 996 344 1066; x_wconf 85' lang='lat' dir='ltr'>steterat,</span> <span class='ocrx_word' id='word_1_59' title='bbox 357 993 453 1051; x_wconf 90' lang='lat' dir='ltr'>nautis</span> <span class='ocrx_word' id='word_1_60' title='bbox 467 993 534 1052; x_wconf 87' lang='lat' dir='ltr'>olim</span> <span class='ocrx_word' id='word_1_61' title='bbox 548 992 706 1053; x_wconf 83' lang='lat' dir='ltr'>venerabile</span> <span class='ocrx_word' id='word_1_62' title='bbox 718 993 847 1071; x_wconf 87' lang='lat' dir='ltr'>lignum;</span> 
     </span>
    </p>
   </div>
   <div class='ocr_carea' id='block_1_5' title="bbox 133 1073 1086 4038">
    <p class='ocr_par' dir='ltr' id='par_1_5' title="bbox 143 1073 1086 2324">
     <span class='ocr_line' id='line_1_11' title="bbox 143 1073 795 1150; baseline 0 -19"><span class='ocrx_word' id='word_1_63' title='bbox 143 1073 255 1131; x_wconf 83' lang='lat' dir='ltr'>Servati</span> <span class='ocrx_word' id='word_1_64' title='bbox 268 1092 303 1130; x_wconf 84' lang='lat' dir='ltr'>ex</span> <span class='ocrx_word' id='word_1_65' title='bbox 316 1073 400 1130; x_wconf 84' lang='lat' dir='ltr'>undis</span> <span class='ocrx_word' id='word_1_66' title='bbox 414 1073 465 1131; x_wconf 92' lang='lat' dir='ltr'>ubi</span> <span class='ocrx_word' id='word_1_67' title='bbox 477 1074 564 1150; x_wconf 85' lang='lat' dir='ltr'>figere</span> <span class='ocrx_word' id='word_1_68' title='bbox 578 1074 653 1131; x_wconf 92' lang='lat' dir='ltr'>dona</span> <span class='ocrx_word' id='word_1_69' title='bbox 666 1073 795 1131; x_wconf 87' lang='lat' dir='ltr'>solebant</span> 
     </span>
     <span class='ocr_line' id='line_1_12' title="bbox 143 1151 807 1230; baseline 0.002 -20"><span class='ocrx_word' id='word_1_70' title='bbox 143 1151 282 1210; x_wconf 75' lang='lat' dir='ltr'>Laurenti</span> <span class='ocrx_word' id='word_1_71' title='bbox 295 1152 369 1222; x_wconf 84' lang='lat' dir='ltr'>divo,</span> <span class='ocrx_word' id='word_1_72' title='bbox 383 1156 413 1211; x_wconf 91' lang='lat' dir='ltr'>et</span> <span class='ocrx_word' id='word_1_73' title='bbox 426 1157 509 1212; x_wconf 87' lang='lat' dir='ltr'>votas</span> <span class='ocrx_word' id='word_1_74' title='bbox 523 1153 691 1230; x_wconf 85' lang='lat' dir='ltr'>suspendere</span> <span class='ocrx_word' id='word_1_75' title='bbox 704 1156 807 1211; x_wconf 85' lang='lat' dir='ltr'>vestes.</span> 
     </span>
     <span class='ocr_line' id='line_1_13' title="bbox 143 1231 837 1308; baseline 0 -19"><span class='ocrx_word' id='word_1_76' title='bbox 143 1232 199 1290; x_wconf 83' lang='lat' dir='ltr'>Sed</span> <span class='ocrx_word' id='word_1_77' title='bbox 212 1231 330 1308; x_wconf 84' lang='lat' dir='ltr'>stirpem</span> <span class='ocrx_word' id='word_1_78' title='bbox 344 1232 447 1291; x_wconf 81' lang='lat' dir='ltr'>Teucri</span> <span class='ocrx_word' id='word_1_79' title='bbox 460 1233 539 1291; x_wconf 94' lang='lat' dir='ltr'>nullo</span> <span class='ocrx_word' id='word_1_80' title='bbox 552 1232 712 1290; x_wconf 81' lang='lat' dir='ltr'>discrimine</span> <span class='ocrx_word' id='word_1_81' title='bbox 726 1253 837 1291; x_wconf 88' lang='lat' dir='ltr'>sacrum</span> 
     </span>
     <span class='ocr_line' id='line_1_14' title="bbox 143 1311 893 1390; baseline 0.001 -22"><span class='ocrx_word' id='word_1_82' title='bbox 143 1311 334 1383; x_wconf 81' lang='lat' dir='ltr'>Sustulerant,</span> <span class='ocrx_word' id='word_1_83' title='bbox 346 1333 418 1389; x_wconf 92' lang='lat' dir='ltr'>puro</span> <span class='ocrx_word' id='word_1_84' title='bbox 431 1317 466 1371; x_wconf 91' lang='lat' dir='ltr'>ut</span> <span class='ocrx_word' id='word_1_85' title='bbox 479 1316 595 1390; x_wconf 87' lang='lat' dir='ltr'>possent</span> <span class='ocrx_word' id='word_1_86' title='bbox 608 1333 772 1372; x_wconf 90' lang='lat' dir='ltr'>concurrere</span> <span class='ocrx_word' id='word_1_87' title='bbox 786 1332 893 1390; x_wconf 81' lang='lat' dir='ltr'>campo,</span> 
     </span>
     <span class='ocr_line' id='line_1_15' title="bbox 143 1391 842 1469; baseline 0 -20"><span class='ocrx_word' id='word_1_88' title='bbox 143 1391 203 1449; x_wconf 88' lang='lat' dir='ltr'>Hic</span> <span class='ocrx_word' id='word_1_89' title='bbox 216 1392 301 1450; x_wconf 86' lang='lat' dir='ltr'>hasta</span> <span class='ocrx_word' id='word_1_90' title='bbox 313 1392 411 1451; x_wconf 81' lang='lat' dir='ltr'>AEneae</span> <span class='ocrx_word' id='word_1_91' title='bbox 425 1393 535 1451; x_wconf 89' lang='lat' dir='ltr'>stabat:</span> <span class='ocrx_word' id='word_1_92' title='bbox 556 1392 614 1449; x_wconf 91' lang='lat' dir='ltr'>huc</span> <span class='ocrx_word' id='word_1_93' title='bbox 626 1392 750 1469; x_wconf 87' lang='lat' dir='ltr'>impetus</span> <span class='ocrx_word' id='word_1_94' title='bbox 763 1393 842 1450; x_wconf 90' lang='lat' dir='ltr'>illam</span> 
     </span>
     <span class='ocr_line' id='line_1_16' title="bbox 144 1470 825 1544; baseline 0.003 -16"><span class='ocrx_word' id='word_1_95' title='bbox 144 1470 305 1544; x_wconf 88' lang='lat' dir='ltr'>Detulcrat,</span> <span class='ocrx_word' id='word_1_96' title='bbox 318 1473 405 1530; x_wconf 80' lang='lat' dir='ltr'>fixam</span> <span class='ocrx_word' id='word_1_97' title='bbox 418 1476 448 1531; x_wconf 91' lang='lat' dir='ltr'>et</span> <span class='ocrx_word' id='word_1_98' title='bbox 459 1472 539 1532; x_wconf 90' lang='lat' dir='ltr'>lenta</span> <span class='ocrx_word' id='word_1_99' title='bbox 551 1473 582 1530; x_wconf 89' lang='lat' dir='ltr'>in</span> <span class='ocrx_word' id='word_1_100' title='bbox 594 1472 687 1530; x_wconf 81' lang='lat' dir='ltr'>radice</span> <span class='ocrx_word' id='word_1_101' title='bbox 700 1473 825 1531; x_wconf 90' lang='lat' dir='ltr'>tenebat.</span> 
     </span>
     <span class='ocr_line' id='line_1_17' title="bbox 144 1550 831 1629; baseline 0.003 -21"><span class='ocrx_word' id='word_1_102' title='bbox 144 1550 282 1610; x_wconf 92' lang='lat' dir='ltr'>Incubuit</span> <span class='ocrx_word' id='word_1_103' title='bbox 294 1552 443 1629; x_wconf 87' lang='lat' dir='ltr'>voluitque</span> <span class='ocrx_word' id='word_1_104' title='bbox 456 1573 543 1610; x_wconf 88' lang='lat' dir='ltr'>manu</span> <span class='ocrx_word' id='word_1_105' title='bbox 556 1552 711 1611; x_wconf 90' lang='lat' dir='ltr'>convellere</span> <span class='ocrx_word' id='word_1_106' title='bbox 724 1553 831 1611; x_wconf 88' lang='lat' dir='ltr'>ferrum</span> 
     </span>
     <span class='ocr_line' id='line_1_18' title="bbox 144 1629 906 1710; baseline 0.004 -23"><span class='ocrx_word' id='word_1_107' title='bbox 144 1629 331 1703; x_wconf 82' lang='lat' dir='ltr'>Dardanides,</span> <span class='ocrx_word' id='word_1_108' title='bbox 344 1633 458 1710; x_wconf 91' lang='lat' dir='ltr'>teloque</span> <span class='ocrx_word' id='word_1_109' title='bbox 472 1633 559 1710; x_wconf 91' lang='lat' dir='ltr'>sequi,</span> <span class='ocrx_word' id='word_1_110' title='bbox 574 1653 658 1710; x_wconf 90' lang='lat' dir='ltr'>quem</span> <span class='ocrx_word' id='word_1_111' title='bbox 672 1633 807 1708; x_wconf 89' lang='lat' dir='ltr'>prendere</span> <span class='ocrx_word' id='word_1_112' title='bbox 821 1653 906 1690; x_wconf 90' lang='lat' dir='ltr'>cursu</span> 
     </span>
     <span class='ocr_line' id='line_1_19' title="bbox 144 1709 961 1788; baseline 0.005 -20"><span class='ocrx_word' id='word_1_113' title='bbox 144 1709 213 1769; x_wconf 89' lang='lat' dir='ltr'>Non</span> <span class='ocrx_word' id='word_1_114' title='bbox 227 1715 349 1788; x_wconf 89' lang='lat' dir='ltr'>poterat.</span> <span class='ocrx_word' id='word_1_115' title='bbox 390 1713 467 1770; x_wconf 82' lang='lat' dir='ltr'>Tum</span> <span class='ocrx_word' id='word_1_116' title='bbox 479 1733 546 1771; x_wconf 83' lang='lat' dir='ltr'>vero</span> <span class='ocrx_word' id='word_1_117' title='bbox 561 1732 657 1770; x_wconf 86' lang='lat' dir='ltr'>amens</span> <span class='ocrx_word' id='word_1_118' title='bbox 671 1712 822 1770; x_wconf 88' lang='lat' dir='ltr'>formidine</span> <span class='ocrx_word' id='word_1_119' title='bbox 835 1713 961 1787; x_wconf 84' lang='lat' dir='ltr'>Turnus,</span> 
     </span>
     <span class='ocr_line' id='line_1_20' title="bbox 145 1790 1086 1871; baseline 0.007 -24"><span class='ocrx_word' id='word_1_120' title='bbox 145 1794 161 1820; x_wconf 91' lang='lat'><strong>“</strong></span> <span class='ocrx_word' id='word_1_121' title='bbox 172 1790 280 1862; x_wconf 84' lang='lat' dir='ltr'>Faune,</span> <span class='ocrx_word' id='word_1_122' title='bbox 293 1811 399 1869; x_wconf 87' lang='lat' dir='ltr'>precor,</span> <span class='ocrx_word' id='word_1_123' title='bbox 414 1792 573 1864; x_wconf 89' lang='lat' dir='ltr'>miserere,”</span> <span class='ocrx_word' id='word_1_124' title='bbox 589 1792 700 1869; x_wconf 92' lang='lat' dir='ltr'>inquit;</span> <span class='ocrx_word' id='word_1_125' title='bbox 721 1796 836 1869; x_wconf 89' lang='lat' dir='ltr'>“tuque</span> <span class='ocrx_word' id='word_1_126' title='bbox 849 1794 961 1871; x_wconf 87' lang='lat' dir='ltr'>optima</span> <span class='ocrx_word' id='word_1_127' title='bbox 974 1794 1086 1855; x_wconf 89' lang='lat' dir='ltr'>ferrum</span> 
     </span>
     <span class='ocr_line' id='line_1_21' title="bbox 145 1870 919 1949; baseline 0.004 -22"><span class='ocrx_word' id='word_1_128' title='bbox 145 1870 233 1928; x_wconf 81' lang='lat' dir='ltr'>Terra</span> <span class='ocrx_word' id='word_1_129' title='bbox 245 1873 327 1929; x_wconf 89' lang='lat' dir='ltr'>tene:</span> <span class='ocrx_word' id='word_1_130' title='bbox 349 1870 424 1929; x_wconf 89' lang='lat' dir='ltr'>colui</span> <span class='ocrx_word' id='word_1_131' title='bbox 437 1876 547 1931; x_wconf 91' lang='lat' dir='ltr'>vestros</span> <span class='ocrx_word' id='word_1_132' title='bbox 561 1871 585 1930; x_wconf 90' lang='lat' dir='ltr'>si</span> <span class='ocrx_word' id='word_1_133' title='bbox 598 1892 708 1949; x_wconf 89' lang='lat' dir='ltr'>semper</span> <span class='ocrx_word' id='word_1_134' title='bbox 717 1872 847 1943; x_wconf 88' lang='lat' dir='ltr'>honores,</span> <span class='ocrx_word' id='word_1_135' title='bbox 911 1880 919 1899; x_wconf 85' lang='lat'><strong>‘</strong></span> 
     </span>
     <span class='ocr_line' id='line_1_22' title="bbox 145 1950 845 2029; baseline 0.006 -23"><span class='ocrx_word' id='word_1_136' title='bbox 145 1950 222 2020; x_wconf 81' lang='lat' dir='ltr'>Quos</span> <span class='ocrx_word' id='word_1_137' title='bbox 236 1954 336 2009; x_wconf 90' lang='lat' dir='ltr'>contra</span> <span class='ocrx_word' id='word_1_138' title='bbox 348 1951 483 2010; x_wconf 80' lang='lat' dir='ltr'>AEneadae</span> <span class='ocrx_word' id='word_1_139' title='bbox 495 1952 568 2010; x_wconf 89' lang='lat' dir='ltr'>bello</span> <span class='ocrx_word' id='word_1_140' title='bbox 581 1951 671 2010; x_wconf 88' lang='lat' dir='ltr'>fecere</span> <span class='ocrx_word' id='word_1_141' title='bbox 683 1952 845 2029; x_wconf 85' lang='lat' dir='ltr'>profanos.’&#39;</span> 
     </span>
     <span class='ocr_line' id='line_1_23' title="bbox 144 2028 872 2108; baseline 0.005 -22"><span class='ocrx_word' id='word_1_142' title='bbox 144 2028 237 2101; x_wconf 78' lang='lat' dir='ltr'>Dixit,</span> <span class='ocrx_word' id='word_1_143' title='bbox 251 2050 389 2108; x_wconf 89' lang='lat' dir='ltr'>opemque</span> <span class='ocrx_word' id='word_1_144' title='bbox 403 2031 450 2089; x_wconf 89' lang='lat' dir='ltr'>dei</span> <span class='ocrx_word' id='word_1_145' title='bbox 462 2052 520 2091; x_wconf 91' lang='lat' dir='ltr'>non</span> <span class='ocrx_word' id='word_1_146' title='bbox 534 2051 612 2090; x_wconf 87' lang='lat' dir='ltr'>cassa</span> <span class='ocrx_word' id='word_1_147' title='bbox 624 2032 655 2088; x_wconf 93' lang='lat' dir='ltr'>in</span> <span class='ocrx_word' id='word_1_148' title='bbox 668 2035 737 2089; x_wconf 86' lang='lat' dir='ltr'>vota</span> <span class='ocrx_word' id='word_1_149' title='bbox 750 2031 872 2090; x_wconf 85' lang='lat' dir='ltr'>vocavit.</span> 
     </span>
     <span class='ocr_line' id='line_1_24' title="bbox 144 2109 919 2188; baseline 0.005 -22"><span class='ocrx_word' id='word_1_150' title='bbox 144 2109 279 2186; x_wconf 88' lang='lat' dir='ltr'>Namque</span> <span class='ocrx_word' id='word_1_151' title='bbox 293 2111 343 2168; x_wconf 90' lang='lat' dir='ltr'>diu</span> <span class='ocrx_word' id='word_1_152' title='bbox 355 2110 477 2182; x_wconf 87' lang='lat' dir='ltr'>luctans,</span> <span class='ocrx_word' id='word_1_153' title='bbox 489 2111 623 2187; x_wconf 90' lang='lat' dir='ltr'>lentoque</span> <span class='ocrx_word' id='word_1_154' title='bbox 636 2111 666 2169; x_wconf 92' lang='lat' dir='ltr'>in</span> <span class='ocrx_word' id='word_1_155' title='bbox 680 2111 768 2188; x_wconf 89' lang='lat' dir='ltr'>stirpe</span> <span class='ocrx_word' id='word_1_156' title='bbox 782 2115 919 2185; x_wconf 88' lang='lat' dir='ltr'>moratus,</span> 
     </span>
     <span class='ocr_line' id='line_1_25' title="bbox 143 2188 827 2324; baseline 0.003 -77"><span class='ocrx_word' id='word_1_157' title='bbox 143 2188 260 2324; x_wconf 53' lang='lat' dir='ltr'>{pibus</span> <span class='ocrx_word' id='word_1_158' title='bbox 274 2190 351 2247; x_wconf 88' lang='lat' dir='ltr'>haud</span> <span class='ocrx_word' id='word_1_159' title='bbox 365 2190 430 2249; x_wconf 88' lang='lat' dir='ltr'>ullis</span> <span class='ocrx_word' id='word_1_160' title='bbox 445 2190 534 2248; x_wconf 85' lang='lat' dir='ltr'>valuit</span> <span class='ocrx_word' id='word_1_161' title='bbox 548 2191 704 2249; x_wconf 89' lang='lat' dir='ltr'>discludere</span> <span class='ocrx_word' id='word_1_162' title='bbox 717 2211 827 2249; x_wconf 88' lang='lat' dir='ltr'>morsus</span> 
     </span>
    </p>

    <p class='ocr_par' dir='ltr' id='par_1_6' title="bbox 143 2269 873 2886">
     <span class='ocr_line' id='line_1_26' title="bbox 174 2269 873 2343; baseline 0.003 -17"><span class='ocrx_word' id='word_1_163' title='bbox 174 2269 266 2326; x_wconf 89' lang='lat' dir='ltr'>oboris</span> <span class='ocrx_word' id='word_1_164' title='bbox 280 2270 393 2326; x_wconf 84' lang='lat' dir='ltr'>AEneas.</span> <span class='ocrx_word' id='word_1_165' title='bbox 433 2269 514 2327; x_wconf 92' lang='lat' dir='ltr'>Dum</span> <span class='ocrx_word' id='word_1_166' title='bbox 528 2270 633 2326; x_wconf 88' lang='lat' dir='ltr'>nititur</span> <span class='ocrx_word' id='word_1_167' title='bbox 646 2290 717 2340; x_wconf 91' lang='lat' dir='ltr'>acer,</span> <span class='ocrx_word' id='word_1_168' title='bbox 731 2274 761 2328; x_wconf 91' lang='lat' dir='ltr'>et</span> <span class='ocrx_word' id='word_1_169' title='bbox 774 2271 873 2343; x_wconf 89' lang='lat' dir='ltr'>instat,</span> 
     </span>
     <span class='ocr_line' id='line_1_27' title="bbox 143 2347 790 2425; baseline 0.003 -21"><span class='ocrx_word' id='word_1_170' title='bbox 143 2347 254 2405; x_wconf 86' lang='lat' dir='ltr'>Rursus</span> <span class='ocrx_word' id='word_1_171' title='bbox 268 2349 299 2406; x_wconf 88' lang='lat' dir='ltr'>in</span> <span class='ocrx_word' id='word_1_172' title='bbox 312 2349 419 2425; x_wconf 83' lang='lat' dir='ltr'>aurigae</span> <span class='ocrx_word' id='word_1_173' title='bbox 432 2349 533 2407; x_wconf 89' lang='lat' dir='ltr'>faciem</span> <span class='ocrx_word' id='word_1_174' title='bbox 547 2352 660 2406; x_wconf 92' lang='lat' dir='ltr'>mutata</span> <span class='ocrx_word' id='word_1_175' title='bbox 674 2350 790 2408; x_wconf 86' lang='lat' dir='ltr'>Metisci</span> 
     </span>
     <span class='ocr_line' id='line_1_28' title="bbox 143 2426 868 2503; baseline 0.004 -19"><span class='ocrx_word' id='word_1_176' title='bbox 143 2426 299 2500; x_wconf 93' lang='lat' dir='ltr'>Procurrit,</span> <span class='ocrx_word' id='word_1_177' title='bbox 312 2428 450 2503; x_wconf 88' lang='lat' dir='ltr'>fratrique</span> <span class='ocrx_word' id='word_1_178' title='bbox 464 2448 560 2486; x_wconf 91' lang='lat' dir='ltr'>ensem</span> <span class='ocrx_word' id='word_1_179' title='bbox 574 2428 626 2486; x_wconf 90' lang='lat' dir='ltr'>dea</span> <span class='ocrx_word' id='word_1_180' title='bbox 639 2429 753 2486; x_wconf 87' lang='lat' dir='ltr'>Daunia</span> <span class='ocrx_word' id='word_1_181' title='bbox 766 2429 868 2487; x_wconf 89' lang='lat' dir='ltr'>reddit.</span> 
     </span>
     <span class='ocr_line' id='line_1_29' title="bbox 144 2506 870 2585; baseline 0.006 -22"><span class='ocrx_word' id='word_1_182' title='bbox 144 2506 227 2577; x_wconf 79' lang='lat' dir='ltr'>Quod</span> <span class='ocrx_word' id='word_1_183' title='bbox 240 2507 337 2565; x_wconf 87' lang='lat' dir='ltr'>Venus</span> <span class='ocrx_word' id='word_1_184' title='bbox 352 2508 452 2565; x_wconf 90' lang='lat' dir='ltr'>audaci</span> <span class='ocrx_word' id='word_1_185' title='bbox 465 2508 612 2585; x_wconf 87' lang='lat' dir='ltr'>Nymphae</span> <span class='ocrx_word' id='word_1_186' title='bbox 625 2509 775 2585; x_wconf 83' lang='lat' dir='ltr'>indignata</span> <span class='ocrx_word' id='word_1_187' title='bbox 787 2509 870 2567; x_wconf 91' lang='lat' dir='ltr'>licere</span> 
     </span>
     <span class='ocr_line' id='line_1_30' title="bbox 143 2587 800 2665; baseline 0.005 -21"><span class='ocrx_word' id='word_1_188' title='bbox 143 2587 280 2659; x_wconf 88' lang='lat' dir='ltr'>Accessit,</span> <span class='ocrx_word' id='word_1_189' title='bbox 293 2588 439 2665; x_wconf 91' lang='lat' dir='ltr'>telumque</span> <span class='ocrx_word' id='word_1_190' title='bbox 453 2589 512 2645; x_wconf 82' lang='lat' dir='ltr'>alta</span> <span class='ocrx_word' id='word_1_191' title='bbox 526 2588 561 2646; x_wconf 92' lang='lat' dir='ltr'>ab</span> <span class='ocrx_word' id='word_1_192' title='bbox 574 2588 667 2646; x_wconf 91' lang='lat' dir='ltr'>radice</span> <span class='ocrx_word' id='word_1_193' title='bbox 680 2589 800 2647; x_wconf 86' lang='lat' dir='ltr'>revellit.</span> 
     </span>
     <span class='ocr_line' id='line_1_31' title="bbox 144 2666 808 2742; baseline 0.003 -19"><span class='ocrx_word' id='word_1_194' title='bbox 144 2666 200 2724; x_wconf 82' lang='lat' dir='ltr'>Olli</span> <span class='ocrx_word' id='word_1_195' title='bbox 214 2667 356 2740; x_wconf 90' lang='lat' dir='ltr'>sublimes,</span> <span class='ocrx_word' id='word_1_196' title='bbox 370 2668 455 2726; x_wconf 84' lang='lat' dir='ltr'>armis</span> <span class='ocrx_word' id='word_1_197' title='bbox 469 2667 624 2742; x_wconf 90' lang='lat' dir='ltr'>animisque</span> <span class='ocrx_word' id='word_1_198' title='bbox 638 2668 744 2739; x_wconf 85' lang='lat' dir='ltr'>refecti,</span> <span class='ocrx_word' id='word_1_199' title='bbox 787 2694 808 2727; x_wconf 58' lang='lat' dir='ltr'><em>s</em></span> 
     </span>
     <span class='ocr_line' id='line_1_32' title="bbox 144 2746 827 2824; baseline 0.003 -21"><span class='ocrx_word' id='word_1_200' title='bbox 144 2746 203 2804; x_wconf 90' lang='lat' dir='ltr'>Hic</span> <span class='ocrx_word' id='word_1_201' title='bbox 216 2748 311 2824; x_wconf 85' lang='lat' dir='ltr'>gladio</span> <span class='ocrx_word' id='word_1_202' title='bbox 325 2749 424 2820; x_wconf 86' lang='lat' dir='ltr'>fidens,</span> <span class='ocrx_word' id='word_1_203' title='bbox 437 2748 484 2806; x_wconf 87' lang='lat' dir='ltr'>hic</span> <span class='ocrx_word' id='word_1_204' title='bbox 498 2768 561 2806; x_wconf 88' lang='lat' dir='ltr'>acer</span> <span class='ocrx_word' id='word_1_205' title='bbox 575 2750 605 2805; x_wconf 92' lang='lat' dir='ltr'>et</span> <span class='ocrx_word' id='word_1_206' title='bbox 618 2749 722 2805; x_wconf 86' lang='lat' dir='ltr'>arduus</span> <span class='ocrx_word' id='word_1_207' title='bbox 736 2748 827 2820; x_wconf 87' lang='lat' dir='ltr'>hasta,</span> 
     </span>
     <span class='ocr_line' id='line_1_33' title="bbox 143 2827 814 2886; baseline 0.001 -3"><span class='ocrx_word' id='word_1_208' title='bbox 143 2827 298 2886; x_wconf 86' lang='lat' dir='ltr'>Adsistunt</span> <span class='ocrx_word' id='word_1_209' title='bbox 312 2831 412 2886; x_wconf 91' lang='lat' dir='ltr'>contra</span> <span class='ocrx_word' id='word_1_210' title='bbox 425 2827 578 2886; x_wconf 84' lang='lat' dir='ltr'>certamine</span> <span class='ocrx_word' id='word_1_211' title='bbox 592 2828 697 2884; x_wconf 87' lang='lat' dir='ltr'>Martis</span> <span class='ocrx_word' id='word_1_212' title='bbox 711 2828 814 2885; x_wconf 90' lang='lat' dir='ltr'>anheli.</span> 
     </span>
    </p>

    <p class='ocr_par' dir='ltr' id='par_1_7' title="bbox 133 2906 1041 4038">
     <span class='ocr_line' id='line_1_34' title="bbox 183 2906 877 2984; baseline 0.003 -22"><span class='ocrx_word' id='word_1_213' title='bbox 183 2906 205 2962; x_wconf 88' lang='lat' dir='ltr'><strong>J</strong></span> <span class='ocrx_word' id='word_1_214' title='bbox 205 2927 328 2964; x_wconf 90' lang='lat' dir='ltr'>unonem</span> <span class='ocrx_word' id='word_1_215' title='bbox 342 2908 450 2966; x_wconf 89' lang='lat' dir='ltr'>interea</span> <span class='ocrx_word' id='word_1_216' title='bbox 464 2907 527 2965; x_wconf 85' lang='lat' dir='ltr'>Rex</span> <span class='ocrx_word' id='word_1_217' title='bbox 541 2907 746 2983; x_wconf 88' lang='lat' dir='ltr'>omnipotentis</span> <span class='ocrx_word' id='word_1_218' title='bbox 761 2907 877 2984; x_wconf 88' lang='lat' dir='ltr'>Olympi</span> 
     </span>
     <span class='ocr_line' id='line_1_35' title="bbox 143 2986 827 3065; baseline 0.003 -23"><span class='ocrx_word' id='word_1_219' title='bbox 143 2986 315 3062; x_wconf 85' lang='lat' dir='ltr'>Alloquitur,</span> <span class='ocrx_word' id='word_1_220' title='bbox 329 2987 407 3045; x_wconf 89' lang='lat' dir='ltr'>fulva</span> <span class='ocrx_word' id='word_1_221' title='bbox 419 3008 529 3065; x_wconf 85' lang='lat' dir='ltr'>pugnas</span> <span class='ocrx_word' id='word_1_222' title='bbox 543 2987 577 3044; x_wconf 91' lang='lat' dir='ltr'>de</span> <span class='ocrx_word' id='word_1_223' title='bbox 590 2988 665 3044; x_wconf 92' lang='lat' dir='ltr'>nube</span> <span class='ocrx_word' id='word_1_224' title='bbox 678 2990 827 3045; x_wconf 89' lang='lat' dir='ltr'>tuentem:</span> 
     </span>
     <span class='ocr_line' id='line_1_36' title="bbox 144 3065 956 3146; baseline 0.002 -24"><span class='ocrx_word' id='word_1_225' title='bbox 144 3070 160 3094; x_wconf 87' lang='lat'><strong><em>“</em></strong></span> <span class='ocrx_word' id='word_1_226' title='bbox 170 3066 239 3137; x_wconf 78' lang='lat' dir='ltr'>Quae</span> <span class='ocrx_word' id='word_1_227' title='bbox 248 3066 310 3143; x_wconf 88' lang='lat' dir='ltr'>jam</span> <span class='ocrx_word' id='word_1_228' title='bbox 323 3067 388 3123; x_wconf 91' lang='lat' dir='ltr'>finis</span> <span class='ocrx_word' id='word_1_229' title='bbox 402 3068 466 3137; x_wconf 89' lang='lat' dir='ltr'>erit,</span> <span class='ocrx_word' id='word_1_230' title='bbox 481 3065 606 3146; x_wconf 78' lang='lat' dir='ltr'>conjux?</span> <span class='ocrx_word' id='word_1_231' title='bbox 627 3067 696 3144; x_wconf 89' lang='lat' dir='ltr'>quid</span> <span class='ocrx_word' id='word_1_232' title='bbox 709 3067 829 3144; x_wconf 89' lang='lat' dir='ltr'>denique</span> <span class='ocrx_word' id='word_1_233' title='bbox 842 3066 956 3125; x_wconf 81' lang='lat' dir='ltr'>restat?</span> 
     </span>
     <span class='ocr_line' id='line_1_37' title="bbox 143 3143 830 3224; baseline 0.004 -23"><span class='ocrx_word' id='word_1_234' title='bbox 143 3143 307 3222; x_wconf 84' lang='lat' dir='ltr'>Indigetem</span> <span class='ocrx_word' id='word_1_235' title='bbox 320 3146 432 3203; x_wconf 82' lang='lat' dir='ltr'>AEneau</span> <span class='ocrx_word' id='word_1_236' title='bbox 446 3147 500 3205; x_wconf 88' lang='lat' dir='ltr'>scis</span> <span class='ocrx_word' id='word_1_237' title='bbox 513 3147 582 3224; x_wconf 88' lang='lat' dir='ltr'>ipsa,</span> <span class='ocrx_word' id='word_1_238' title='bbox 596 3149 625 3204; x_wconf 90' lang='lat' dir='ltr'>et</span> <span class='ocrx_word' id='word_1_239' title='bbox 640 3147 710 3205; x_wconf 90' lang='lat' dir='ltr'>scire</span> <span class='ocrx_word' id='word_1_240' title='bbox 724 3147 830 3219; x_wconf 65' lang='lat' dir='ltr'>fateris</span> 
     </span>
     <span class='ocr_line' id='line_1_38' title="bbox 142 3224 712 3302; baseline 0.004 -20"><span class='ocrx_word' id='word_1_241' title='bbox 142 3224 248 3283; x_wconf 89' lang='lat' dir='ltr'>Deberi</span> <span class='ocrx_word' id='word_1_242' title='bbox 262 3225 340 3297; x_wconf 89' lang='lat' dir='ltr'>coelo,</span> <span class='ocrx_word' id='word_1_243' title='bbox 353 3226 475 3302; x_wconf 86' lang='lat' dir='ltr'>fatisque</span> <span class='ocrx_word' id='word_1_244' title='bbox 489 3227 525 3284; x_wconf 89' lang='lat' dir='ltr'>ad</span> <span class='ocrx_word' id='word_1_245' title='bbox 538 3227 628 3284; x_wconf 89' lang='lat' dir='ltr'>sidera</span> <span class='ocrx_word' id='word_1_246' title='bbox 640 3227 712 3284; x_wconf 77' lang='lat' dir='ltr'>tolli,</span> 
     </span>
     <span class='ocr_line' id='line_1_39' title="bbox 143 3304 970 3384; baseline 0.005 -22"><span class='ocrx_word' id='word_1_247' title='bbox 143 3305 219 3376; x_wconf 79' lang='lat' dir='ltr'>Quid</span> <span class='ocrx_word' id='word_1_248' title='bbox 232 3304 341 3364; x_wconf 80' lang='lat' dir='ltr'>struis?</span> <span class='ocrx_word' id='word_1_249' title='bbox 362 3309 413 3363; x_wconf 89' lang='lat' dir='ltr'>aut</span> <span class='ocrx_word' id='word_1_250' title='bbox 427 3327 483 3381; x_wconf 92' lang='lat' dir='ltr'>qua</span> <span class='ocrx_word' id='word_1_251' title='bbox 496 3328 544 3384; x_wconf 90' lang='lat' dir='ltr'>spe</span> <span class='ocrx_word' id='word_1_252' title='bbox 557 3307 657 3383; x_wconf 82' lang='lat' dir='ltr'>gelidis</span> <span class='ocrx_word' id='word_1_253' title='bbox 672 3307 702 3363; x_wconf 90' lang='lat' dir='ltr'>in</span> <span class='ocrx_word' id='word_1_254' title='bbox 715 3307 839 3365; x_wconf 86' lang='lat' dir='ltr'>nubibus</span> <span class='ocrx_word' id='word_1_255' title='bbox 852 3307 944 3364; x_wconf 88' lang='lat' dir='ltr'>haeres</span> <span class='ocrx_word' id='word_1_256' title='bbox 957 3306 970 3366; x_wconf 75' lang='grc' dir='ltr'>Ρ</span> 
     </span>
     <span class='ocr_line' id='line_1_40' title="bbox 142 3384 779 3445; baseline 0.005 -3"><span class='ocrx_word' id='word_1_257' title='bbox 142 3384 290 3443; x_wconf 90' lang='lat' dir='ltr'>Mortalin&#39;</span> <span class='ocrx_word' id='word_1_258' title='bbox 306 3386 401 3444; x_wconf 92' lang='lat' dir='ltr'>decuit</span> <span class='ocrx_word' id='word_1_259' title='bbox 414 3386 513 3443; x_wconf 81' lang='lat' dir='ltr'>violari</span> <span class='ocrx_word' id='word_1_260' title='bbox 526 3388 642 3445; x_wconf 87' lang='lat' dir='ltr'>vulnere</span> <span class='ocrx_word' id='word_1_261' title='bbox 656 3386 779 3445; x_wconf 77' lang='lat' dir='ltr'>divum?</span> 
     </span>
     <span class='ocr_line' id='line_1_41' title="bbox 142 3465 957 3542; baseline 0.004 -20"><span class='ocrx_word' id='word_1_262' title='bbox 142 3466 204 3523; x_wconf 90' lang='lat' dir='ltr'>Aut</span> <span class='ocrx_word' id='word_1_263' title='bbox 218 3466 423 3542; x_wconf 90' lang='lat' dir='ltr'>ensem—quid</span> <span class='ocrx_word' id='word_1_264' title='bbox 436 3467 511 3523; x_wconf 91' lang='lat' dir='ltr'>enim</span> <span class='ocrx_word' id='word_1_265' title='bbox 525 3467 586 3524; x_wconf 90' lang='lat' dir='ltr'>sine</span> <span class='ocrx_word' id='word_1_266' title='bbox 599 3470 629 3525; x_wconf 90' lang='lat' dir='ltr'>te</span> <span class='ocrx_word' id='word_1_267' title='bbox 644 3466 665 3523; x_wconf 86' lang='lat' dir='ltr'><strong>J</strong></span> <span class='ocrx_word' id='word_1_268' title='bbox 666 3470 772 3524; x_wconf 88' lang='lat' dir='ltr'>uturna</span> <span class='ocrx_word' id='word_1_269' title='bbox 785 3467 891 3524; x_wconf 85' lang='lat' dir='ltr'>valeret</span> <span class='ocrx_word' id='word_1_270' title='bbox 902 3465 957 3525; x_wconf 72' lang='lat' dir='ltr'>l—</span> 
     </span>
     <span class='ocr_line' id='line_1_42' title="bbox 141 3544 869 3622; baseline 0.005 -22"><span class='ocrx_word' id='word_1_271' title='bbox 141 3544 283 3622; x_wconf 84' lang='lat' dir='ltr'>Ereptum</span> <span class='ocrx_word' id='word_1_272' title='bbox 296 3545 375 3604; x_wconf 92' lang='lat' dir='ltr'>reddi</span> <span class='ocrx_word' id='word_1_273' title='bbox 389 3545 495 3616; x_wconf 85' lang='lat' dir='ltr'>Turno,</span> <span class='ocrx_word' id='word_1_274' title='bbox 510 3548 539 3602; x_wconf 93' lang='lat' dir='ltr'>et</span> <span class='ocrx_word' id='word_1_275' title='bbox 553 3546 612 3604; x_wconf 88' lang='lat' dir='ltr'>vim</span> <span class='ocrx_word' id='word_1_276' title='bbox 626 3567 748 3605; x_wconf 88' lang='lat' dir='ltr'>crescere</span> <span class='ocrx_word' id='word_1_277' title='bbox 761 3545 869 3604; x_wconf 78' lang='lat' dir='ltr'>victis?</span> 
     </span>
     <span class='ocr_line' id='line_1_43' title="bbox 141 3623 948 3702; baseline 0.004 -22"><span class='ocrx_word' id='word_1_278' title='bbox 141 3623 248 3683; x_wconf 89' lang='lat' dir='ltr'>Desine</span> <span class='ocrx_word' id='word_1_279' title='bbox 257 3625 319 3702; x_wconf 85' lang='lat' dir='ltr'>jam</span> <span class='ocrx_word' id='word_1_280' title='bbox 332 3625 458 3696; x_wconf 90' lang='lat' dir='ltr'>tandem,</span> <span class='ocrx_word' id='word_1_281' title='bbox 471 3625 655 3702; x_wconf 88' lang='lat' dir='ltr'>precibusque</span> <span class='ocrx_word' id='word_1_282' title='bbox 668 3627 812 3685; x_wconf 90' lang='lat' dir='ltr'>inflectere</span> <span class='ocrx_word' id='word_1_283' title='bbox 825 3625 930 3684; x_wconf 89' lang='lat' dir='ltr'>nostris</span> <span class='ocrx_word' id='word_1_284' title='bbox 941 3651 948 3699; x_wconf 93' lang='lat'>;</span> 
     </span>
     <span class='ocr_line' id='line_1_44' title="bbox 140 3703 907 3777; baseline 0.004 -17"><span class='ocrx_word' id='word_1_285' title='bbox 140 3703 246 3762; x_wconf 89' lang='lat' dir='ltr'>Necte</span> <span class='ocrx_word' id='word_1_286' title='bbox 260 3707 360 3762; x_wconf 88' lang='lat' dir='ltr'>tantus</span> <span class='ocrx_word' id='word_1_287' title='bbox 374 3706 439 3762; x_wconf 89' lang='lat' dir='ltr'>edat</span> <span class='ocrx_word' id='word_1_288' title='bbox 453 3705 572 3762; x_wconf 90' lang='lat' dir='ltr'>tacitam</span> <span class='ocrx_word' id='word_1_289' title='bbox 586 3706 683 3777; x_wconf 79' lang='lat' dir='ltr'>dolor3</span> <span class='ocrx_word' id='word_1_290' title='bbox 704 3710 734 3764; x_wconf 90' lang='lat' dir='ltr'>et</span> <span class='ocrx_word' id='word_1_291' title='bbox 748 3706 820 3763; x_wconf 88' lang='lat' dir='ltr'>mihi</span> <span class='ocrx_word' id='word_1_292' title='bbox 834 3726 907 3764; x_wconf 88' lang='lat' dir='ltr'>curae</span> 
     </span>
     <span class='ocr_line' id='line_1_45' title="bbox 140 3784 762 3864; baseline 0.005 -23"><span class='ocrx_word' id='word_1_293' title='bbox 140 3784 219 3864; x_wconf 82' lang='lat' dir='ltr'>Saepe</span> <span class='ocrx_word' id='word_1_294' title='bbox 233 3787 284 3843; x_wconf 92' lang='lat' dir='ltr'>tuo</span> <span class='ocrx_word' id='word_1_295' title='bbox 299 3784 376 3843; x_wconf 89' lang='lat' dir='ltr'>dulci</span> <span class='ocrx_word' id='word_1_296' title='bbox 387 3784 485 3843; x_wconf 89' lang='lat' dir='ltr'>tristes</span> <span class='ocrx_word' id='word_1_297' title='bbox 499 3805 534 3842; x_wconf 85' lang='lat' dir='ltr'>ex</span> <span class='ocrx_word' id='word_1_298' title='bbox 547 3805 594 3843; x_wconf 91' lang='lat' dir='ltr'>ore</span> <span class='ocrx_word' id='word_1_299' title='bbox 607 3789 762 3844; x_wconf 90' lang='lat' dir='ltr'>recursent.</span> 
     </span>
     <span class='ocr_line' id='line_1_46' title="bbox 137 3864 1041 3947; baseline -0.009 -20"><span class='ocrx_word' id='word_1_300' title='bbox 137 3867 271 3929; x_wconf 84' lang='lat' dir='ltr'>Ventum</span> <span class='ocrx_word' id='word_1_301' title='bbox 285 3867 323 3928; x_wconf 93' lang='lat' dir='ltr'>ad</span> <span class='ocrx_word' id='word_1_302' title='bbox 336 3887 506 3947; x_wconf 89' lang='lat' dir='ltr'>supremum</span> <span class='ocrx_word' id='word_1_303' title='bbox 517 3869 572 3924; x_wconf 84' lang='lat' dir='ltr'>est.</span> <span class='ocrx_word' id='word_1_304' title='bbox 606 3864 707 3921; x_wconf 63' lang='lat' dir='ltr'>&#39;Derris</span> <span class='ocrx_word' id='word_1_305' title='bbox 717 3866 826 3937; x_wconf 53' lang='lat' dir='ltr'>agitare</span> <span class='ocrx_word' id='word_1_306' title='bbox 833 3865 884 3920; x_wconf 74' lang='lat' dir='ltr'>uel</span> <span class='ocrx_word' id='word_1_307' title='bbox 889 3865 975 3920; x_wconf 75' lang='lat' dir='ltr'>undis</span> <span class='ocrx_word' id='word_1_308' title='bbox 1038 3866 1041 3872; x_wconf 82' lang='lat'>&#39;</span> 
     </span>
     <span class='ocr_line' id='line_1_47' title="bbox 133 3940 918 4038; baseline -0.032 -22"><span class='ocrx_word' id='word_1_309' title='bbox 133 3953 283 4038; x_wconf 76' lang='lat' dir='ltr'>Trojanos</span> <span class='ocrx_word' id='word_1_310' title='bbox 296 3949 448 4034; x_wconf 64' lang='lat' dir='ltr'>possset,</span> <span class='ocrx_word' id='word_1_311' title='bbox 464 3946 623 4007; x_wconf 71' lang='lat' dir='ltr'>tutandum</span> <span class='ocrx_word' id='word_1_312' title='bbox 633 3940 918 4005; x_wconf 55' lang='lat' dir='ltr'>accendere‘ostum,</span> 
     </span>
    </p>
   </div>
   <div class='ocr_carea' id='block_1_6' title="bbox 0 0 1228 4260">
    <p class='ocr_par' dir='ltr' id='par_1_8' title="bbox 0 0 1228 4260">
     <span class='ocr_line' id='line_1_48' title="bbox 0 0 1228 4260; baseline 0 0"><span class='ocrx_word' id='word_1_313' title='bbox 0 0 1228 4260; x_wconf 95' lang='lat' dir='ltr'> </span> 
     </span>
    </p>
   </div>
  </div>
 </body>
</html>
