2446 4260
466 119 608 163 AENEIDOS
622 120 685 162 1213.
699 121 742 164 IX.

133 261 208 321 Ecce
221 260 299 320 eliud
311 280 424 320 summe
435 263 528 321 telum
541 263 663 322 librabat
677 263 712 322 ab
726 283 801 322 eure.

133 341 213 399 Dum
225 341 379 420 trepidant,
392 341 428 401 iit
441 343 525 401 hasta
538 344 618 421 Tago
631 363 682 420 per
694 346 807 420 tempus
821 346 974 421 utrumque

133 421 271 494 Stridens,
285 421 460 499 trajectoque
473 423 556 481 haesit
568 424 711 500 tepefacta
723 424 843 482 cerebro.

133 501 224 561 Scevit
237 504 320 560 atrox
332 501 477 574 Volscens,
490 523 542 561 nec
555 504 607 561 teli
620 502 759 579 conspicit
771 522 892 581 usquam

133 583 298 653 Auctorem,
311 601 364 640 nec
377 602 433 658 quo
447 603 476 641 se
489 583 589 641 ardens
602 583 758 640 immittere
771 583 870 660 possit.

133 666 150 692 “
159 661 206 718 Tu
217 664 315 720 tumen
327 661 437 720 interea
449 662 539 720 calido
551 662 624 720 mihi
636 683 685 720 san
727 662 773 721 ine
785 683 882 740 poenes

134 740 281 800 Persolves
294 741 471 815 emborum,”
486 742 599 819 inquit:
620 683 783 801 simulinse
796 743 904 801 recluso

134 819 203 879 Ibat
216 821 246 879 in
259 821 427 898 Euryalum.
469 821 544 879 Tum
557 842 623 880 vero
637 823 797 895 exterritus,
813 842 918 895 emens,

135 899 302 959 Conclamat
315 901 421 973 Nisns;
441 921 493 960 nec
506 921 537 960 se
549 902 639 960 celere
651 903 776 961 tenebris

135 980 277 1057 Amplius,
290 983 341 1038 aut
353 983 470 1039 tentum
482 981 579 1058 potuit
591 982 713 1058 perferre
726 982 868 1041 dolorem:

135 1063 153 1090 “
164 1059 223 1131 Mc,
236 1061 440 1132 me,—adsum,
454 1061 503 1136 qui
515 1060 646 1134 feci—in
659 1081 705 1119 me
718 1062 876 1120 convertite
889 1062 1003 1133 ferrum,

136 1139 163 1198 Ο
177 1139 296 1198 Rutuli!
317 1160 381 1199 mea
393 1140 470 1198 fraus
484 1142 592 1213 omnis3
612 1141 686 1198 nihil
698 1141 753 1198 iste
766 1162 818 1200 nec
831 1161 923 1212 ausus,

136 1219 200 1278 Nec
212 1220 325 1297 potuit:
347 1220 451 1278 coelum
464 1220 520 1279 hoc
533 1224 564 1279 et
577 1220 689 1278 conscie
702 1221 794 1279 sidera
807 1222 928 1280 testor.”

138 1298 265 1358 Tantum
277 1299 418 1358 infelicem
432 1300 553 1358 nimium
567 1300 666 1358 dilexit
679 1300 811 1358 amicum.

137 1378 218 1437 Talia
231 1378 309 1437 dicte
321 1379 426 1438 dubet:
448 1380 497 1438 sed
510 1379 617 1438 viribus
631 1380 705 1438 ensis
718 1381 835 1439 adactus

136 1457 299 1518 Transabiit
313 1461 415 1531 costus,
429 1463 459 1518 et
471 1460 591 1518 candidu
603 1463 718 1537 pectore
729 1460 847 1537 rumpit.

136 1537 271 1597 Volvitur
284 1505 427 1631 lturyahis
440 1539 498 1598 leto
501 1540 709 1632 ,ριιΙοὶιιοιιιιιο
721 1559 771 1616 per
784 1543 864 1598 crtus

138 1616 170 1675 It
183 1637 266 1676 cruor
266 1618 372 1696 ,inque
384 1585 518 1678 humeros
532 1619 626 1679 cervix
639 1620 761 1696 collapsa
772 1619 931 1679 recumbit.

138 1664 301 1776 Purpureirs
312 1699 403 1757 veluti
417 1719 505 1776 quum
517 1699 578 1771 flos,
592 1699 715 1758 succisus
726 1703 828 1771 aratro,

138 1776 311 1855 Languescit
324 1779 465 1837 moriens:
485 1779 594 1838 lassove
607 1799 746 1856 papavera
757 1779 829 1838 collo

138 1856 285 1916 Demisere
298 1861 393 1935 caput,
406 1858 503 1935 pluvio
514 1879 604 1935 quum
616 1859 690 1918 forte
703 1861 868 1936 gravantur.

139 1937 181 1995 At
194 1937 285 1996 Nisus
297 1938 356 1997 ruit
369 1938 400 1995 in
413 1938 529 2009 medios,
543 1939 690 2016 solumque
703 1959 753 2016 per
766 1959 864 1997 omnes

138 2016 322 2076 Volscentem
334 2018 426 2095 petit3
445 2018 476 2076 in
489 2018 548 2076 solo
561 2018 714 2077 Volscente
726 2022 865 2077 moratur.

140 2096 231 2169 Quem
244 2097 351 2156 circum
364 2098 516 2174 glomerati
528 2099 635 2171 hostes,
647 2099 715 2156 hinc
728 2099 856 2157 cominus
869 2098 955 2175 atque
968 2097 1035 2156 hinc

140 2175 325 2236 Proturbant.
366 2177 464 2236 Instat
477 2198 535 2236 non
549 2179 647 2250 secius,
660 2199 693 2237 ac
706 2181 784 2237 rotat
797 2199 894 2237 ensem

140 2255 339 2328 Fulmineum3
359 2257 448 2316 donec
462 2257 567 2316 Rutuli
579 2258 729 2317 clementis
741 2259 772 2316 in
786 2278 834 2317 ore

140 2334 276 2395 Condidit
289 2337 414 2409 adverso,
428 2340 458 2397 ct
471 2338 595 2397 moriens
608 2339 732 2396 animem
745 2337 865 2397 abstulit
878 2336 965 2396 hosti.

140 2415 216 2474 Tum
228 2436 314 2493 super
326 2417 483 2476 exanimem
497 2437 557 2476 sese
570 2418 688 2495 projecit
702 2418 825 2477 amicum

140 2494 292 2554 Confessus
294 2496 478 2575 ,placidaque
491 2497 532 2555 ibi
546 2498 660 2556 demum
673 2501 765 2556 morte
779 2494 895 2573 quievit.

179 2575 333 2634 Fortunati
346 2577 445 2635 ambo!
465 2577 572 2654 siquid
585 2596 649 2634 mea
662 2577 787 2634 carmine
799 2577 928 2654 possunt,

139 2653 230 2714 Nulle
240 2655 301 2714 dies
314 2675 439 2732 unquam
453 2657 572 2715 memori
584 2676 635 2715 vos
647 2656 753 2714 eximet
766 2676 842 2728 aev03

139 2734 221 2793 Dum
234 2735 334 2794 domus
347 2736 444 2794 AEncae
459 2736 582 2814 Capitoli
594 2735 740 2795 immobile
753 2755 853 2793 saxum

140 2814 289 2889 Accolet,
280 2816 486 2893 1mperiumque
498 2820 580 2894 pater
593 2816 741 2874 Romanus
753 2815 880 2874 habebit.
