<?xml version="1.0" encoding="UTF-8"?>
<!DOCTYPE html PUBLIC "-//W3C//DTD XHTML 1.0 Transitional//EN"
    "http://www.w3.org/TR/xhtml1/DTD/xhtml1-transitional.dtd">
<html xmlns="http://www.w3.org/1999/xhtml" xml:lang="en" lang="en">
 <head>
  <title>
</title>
<meta http-equiv="Content-Type" content="text/html;charset=utf-8" />
  <meta name='ocr-system' content='tesseract 3.04.00' />
  <meta name='ocr-capabilities' content='ocr_page ocr_carea ocr_par ocr_line ocrx_word'/>
</head>
<body>
  <div class='ocr_page' id='page_1' title='image "./worksfromtexthe00virggoog_0250.png"; bbox 0 0 2370 4260; ppageno 0'>
   <div class='ocr_carea' id='block_1_1' title="bbox 416 229 679 274">
    <p class='ocr_par' dir='ltr' id='par_1_1' title="bbox 416 229 679 274">
     <span class='ocr_line' id='line_1_1' title="bbox 416 229 679 274; baseline -0.008 0"><span class='ocrx_word' id='word_1_1' title='bbox 416 229 559 274; x_wconf 74' lang='lat' dir='ltr'>AENEIDOS</span> <span class='ocrx_word' id='word_1_2' title='bbox 573 229 636 273; x_wconf 77' lang='lat' dir='ltr'><strong>LIB.</strong></span> <span class='ocrx_word' id='word_1_3' title='bbox 649 231 679 273; x_wconf 82' lang='lat' dir='ltr'>V.</span> 
     </span>
    </p>
   </div>
   <div class='ocr_carea' id='block_1_2' title="bbox 105 371 978 4036">
    <p class='ocr_par' dir='ltr' id='par_1_2' title="bbox 113 371 872 534">
     <span class='ocr_line' id='line_1_2' title="bbox 113 371 872 454; baseline 0.003 -22"><span class='ocrx_word' id='word_1_4' title='bbox 113 371 186 435; x_wconf 87' lang='lat' dir='ltr'>Unde</span> <span class='ocrx_word' id='word_1_5' title='bbox 195 394 281 454; x_wconf 84' lang='lat' dir='ltr'>genus</span> <span class='ocrx_word' id='word_1_6' title='bbox 295 372 384 433; x_wconf 89' lang='lat' dir='ltr'>ducis.</span> <span class='ocrx_word' id='word_1_7' title='bbox 424 373 521 432; x_wconf 86' lang='lat' dir='ltr'>Merui</span> <span class='ocrx_word' id='word_1_8' title='bbox 533 393 661 451; x_wconf 91' lang='lat' dir='ltr'>quoque;</span> <span class='ocrx_word' id='word_1_9' title='bbox 680 393 752 451; x_wconf 84' lang='lat' dir='ltr'>saepe</span> <span class='ocrx_word' id='word_1_10' title='bbox 764 374 872 434; x_wconf 76' lang='lat' dir='ltr'>fluores</span> 
     </span>
     <span class='ocr_line' id='line_1_3' title="bbox 115 452 837 534; baseline -0.001 -22"><span class='ocrx_word' id='word_1_11' title='bbox 115 452 255 534; x_wconf 69' lang='lat' dir='ltr'>conpressi</span> <span class='ocrx_word' id='word_1_12' title='bbox 268 459 299 514; x_wconf 88' lang='lat' dir='ltr'>et</span> <span class='ocrx_word' id='word_1_13' title='bbox 311 454 420 513; x_wconf 86' lang='lat' dir='ltr'><strong>rabiem</strong></span> <span class='ocrx_word' id='word_1_14' title='bbox 431 457 545 512; x_wconf 87' lang='lat' dir='ltr'>tantam</span> <span class='ocrx_word' id='word_1_15' title='bbox 558 453 676 530; x_wconf 91' lang='lat' dir='ltr'>coelique</span> <span class='ocrx_word' id='word_1_16' title='bbox 688 452 837 530; x_wconf 85' lang='lat' dir='ltr'>marisque.</span> 
     </span>
    </p>

    <p class='ocr_par' dir='ltr' id='par_1_3' title="bbox 116 531 918 772">
     <span class='ocr_line' id='line_1_4' title="bbox 116 531 918 611; baseline 0 -19"><span class='ocrx_word' id='word_1_17' title='bbox 116 531 168 592; x_wconf 84' lang='lat' dir='ltr'>Nec</span> <span class='ocrx_word' id='word_1_18' title='bbox 177 535 263 594; x_wconf 91' lang='lat' dir='ltr'>minor</span> <span class='ocrx_word' id='word_1_19' title='bbox 275 535 307 593; x_wconf 91' lang='lat' dir='ltr'>in</span> <span class='ocrx_word' id='word_1_20' title='bbox 318 534 403 593; x_wconf 86' lang='lat' dir='ltr'>terris</span> <span class='ocrx_word' id='word_1_21' title='bbox 419 533 585 611; x_wconf 87' lang='lat' dir='ltr'>(Xanthum</span> <span class='ocrx_word' id='word_1_22' title='bbox 597 533 800 610; x_wconf 85' lang='lat' dir='ltr'>Simo&#39;e&#39;ntaque</span> <span class='ocrx_word' id='word_1_23' title='bbox 812 533 918 610; x_wconf 86' lang='lat' dir='ltr'>testor)</span> 
     </span>
     <span class='ocr_line' id='line_1_5' title="bbox 117 612 802 685; baseline 0.001 -15"><span class='ocrx_word' id='word_1_24' title='bbox 117 612 198 674; x_wconf 79' lang='lat' dir='ltr'>AEneoe</span> <span class='ocrx_word' id='word_1_25' title='bbox 208 615 280 673; x_wconf 91' lang='lat' dir='ltr'>mihi</span> <span class='ocrx_word' id='word_1_26' title='bbox 293 634 361 674; x_wconf 90' lang='lat' dir='ltr'>cura</span> <span class='ocrx_word' id='word_1_27' title='bbox 372 614 426 672; x_wconf 85' lang='lat' dir='ltr'>tui.</span> <span class='ocrx_word' id='word_1_28' title='bbox 467 613 563 685; x_wconf 82' lang='lat' dir='ltr'>Quum</span> <span class='ocrx_word' id='word_1_29' title='bbox 576 613 662 672; x_wconf 81' lang='lat' dir='ltr'>Troia</span> <span class='ocrx_word' id='word_1_30' title='bbox 674 613 802 672; x_wconf 89' lang='lat' dir='ltr'>Achilles</span> 
     </span>
     <span class='ocr_line' id='line_1_6' title="bbox 117 690 822 772; baseline 0 -22"><span class='ocrx_word' id='word_1_31' title='bbox 117 690 269 754; x_wconf 80' lang='lat' dir='ltr'>Exanimata</span> <span class='ocrx_word' id='word_1_32' title='bbox 281 713 399 772; x_wconf 91' lang='lat' dir='ltr'>sequens</span> <span class='ocrx_word' id='word_1_33' title='bbox 412 693 584 771; x_wconf 69' lang='lat' dir='ltr'>impingeret</span> <span class='ocrx_word' id='word_1_34' title='bbox 597 693 712 770; x_wconf 80' lang='lat' dir='ltr'><strong>agmina</strong></span> <span class='ocrx_word' id='word_1_35' title='bbox 724 693 822 765; x_wconf 88' lang='lat' dir='ltr'>muris,</span> 
     </span>
    </p>

    <p class='ocr_par' dir='ltr' id='par_1_4' title="bbox 118 769 799 851">
     <span class='ocr_line' id='line_1_7' title="bbox 118 769 799 851; baseline -0.004 -18"><span class='ocrx_word' id='word_1_36' title='bbox 118 769 195 833; x_wconf 82' lang='lat' dir='ltr'>Milia</span> <span class='ocrx_word' id='word_1_37' title='bbox 205 775 297 833; x_wconf 91' lang='lat' dir='ltr'>multa</span> <span class='ocrx_word' id='word_1_38' title='bbox 309 774 390 832; x_wconf 86' lang='lat' dir='ltr'>daret</span> <span class='ocrx_word' id='word_1_39' title='bbox 402 773 471 846; x_wconf 91' lang='lat' dir='ltr'>leto,</span> <span class='ocrx_word' id='word_1_40' title='bbox 484 776 685 851; x_wconf 71' lang='lat' dir='ltr'>gemerentque</span> <span class='ocrx_word' id='word_1_41' title='bbox 698 772 799 850; x_wconf 88' lang='lat' dir='ltr'>repleti</span> 
     </span>
    </p>

    <p class='ocr_par' dir='ltr' id='par_1_5' title="bbox 118 852 848 931">
     <span class='ocr_line' id='line_1_8' title="bbox 118 852 848 931; baseline -0.003 -19"><span class='ocrx_word' id='word_1_42' title='bbox 118 852 213 926; x_wconf 71' lang='lat' dir='ltr'>Amnes</span> <span class='ocrx_word' id='word_1_43' title='bbox 225 875 276 914; x_wconf 90' lang='lat' dir='ltr'>nec</span> <span class='ocrx_word' id='word_1_44' title='bbox 290 853 410 931; x_wconf 88' lang='lat' dir='ltr'>reperire</span> <span class='ocrx_word' id='word_1_45' title='bbox 423 853 500 911; x_wconf 85' lang='lat' dir='ltr'>viam</span> <span class='ocrx_word' id='word_1_46' title='bbox 513 856 599 930; x_wconf 90' lang='lat' dir='ltr'>atque</span> <span class='ocrx_word' id='word_1_47' title='bbox 612 852 739 911; x_wconf 83' lang='lat' dir='ltr'>evolvere</span> <span class='ocrx_word' id='word_1_48' title='bbox 751 855 848 929; x_wconf 86' lang='lat' dir='ltr'>posset</span> 
     </span>
    </p>

    <p class='ocr_par' dir='ltr' id='par_1_6' title="bbox 119 929 834 1091">
     <span class='ocr_line' id='line_1_9' title="bbox 119 929 793 1010; baseline 0.001 -21"><span class='ocrx_word' id='word_1_49' title='bbox 119 929 150 989; x_wconf 89' lang='lat' dir='ltr'>In</span> <span class='ocrx_word' id='word_1_50' title='bbox 159 953 224 992; x_wconf 88' lang='lat' dir='ltr'>mare</span> <span class='ocrx_word' id='word_1_51' title='bbox 236 954 266 992; x_wconf 89' lang='lat' dir='ltr'>se</span> <span class='ocrx_word' id='word_1_52' title='bbox 280 933 432 992; x_wconf 88' lang='lat' dir='ltr'>Xanthus:</span> <span class='ocrx_word' id='word_1_53' title='bbox 454 932 560 990; x_wconf 86' lang='lat' dir='ltr'>Pelidae</span> <span class='ocrx_word' id='word_1_54' title='bbox 573 935 644 990; x_wconf 89' lang='lat' dir='ltr'>tnnc</span> <span class='ocrx_word' id='word_1_55' title='bbox 657 952 710 1010; x_wconf 82' lang='lat' dir='ltr'>ego</span> <span class='ocrx_word' id='word_1_56' title='bbox 722 932 793 991; x_wconf 86' lang='lat' dir='ltr'>forti</span> 
     </span>
     <span class='ocr_line' id='line_1_10' title="bbox 121 1009 834 1091; baseline 0 -21"><span class='ocrx_word' id='word_1_57' title='bbox 121 1009 286 1091; x_wconf 70' lang='lat' dir='ltr'>(ingressum</span> <span class='ocrx_word' id='word_1_58' title='bbox 298 1013 418 1085; x_wconf 80' lang='lat' dir='ltr'>AEnean,</span> <span class='ocrx_word' id='word_1_59' title='bbox 432 1032 484 1070; x_wconf 89' lang='lat' dir='ltr'>nec</span> <span class='ocrx_word' id='word_1_60' title='bbox 497 1012 540 1070; x_wconf 90' lang='lat' dir='ltr'>dis</span> <span class='ocrx_word' id='word_1_61' title='bbox 553 1032 605 1070; x_wconf 88' lang='lat' dir='ltr'>nec</span> <span class='ocrx_word' id='word_1_62' title='bbox 618 1011 725 1070; x_wconf 86' lang='lat' dir='ltr'>viribus</span> <span class='ocrx_word' id='word_1_63' title='bbox 738 1010 834 1089; x_wconf 79' lang='lat' dir='ltr'>aquis,</span> 
     </span>
    </p>

    <p class='ocr_par' dir='ltr' id='par_1_7' title="bbox 120 1088 869 1249">
     <span class='ocr_line' id='line_1_11' title="bbox 120 1088 869 1170; baseline 0.005 -23"><span class='ocrx_word' id='word_1_64' title='bbox 120 1088 187 1152; x_wconf 80' lang='lat' dir='ltr'>liobe</span> <span class='ocrx_word' id='word_1_65' title='bbox 198 1114 263 1153; x_wconf 88' lang='lat' dir='ltr'>cava</span> <span class='ocrx_word' id='word_1_66' title='bbox 274 1092 372 1170; x_wconf 88' lang='lat' dir='ltr'>rapui:</span> <span class='ocrx_word' id='word_1_67' title='bbox 393 1111 525 1169; x_wconf 89' lang='lat' dir='ltr'>cuperem</span> <span class='ocrx_word' id='word_1_68' title='bbox 538 1111 626 1169; x_wconf 91' lang='lat' dir='ltr'>quum</span> <span class='ocrx_word' id='word_1_69' title='bbox 638 1094 748 1150; x_wconf 82' lang='lat' dir='ltr'>vertere</span> <span class='ocrx_word' id='word_1_70' title='bbox 762 1092 798 1150; x_wconf 92' lang='lat' dir='ltr'>ab</span> <span class='ocrx_word' id='word_1_71' title='bbox 810 1091 869 1151; x_wconf 90' lang='lat' dir='ltr'>imo</span> 
     </span>
     <span class='ocr_line' id='line_1_12' title="bbox 121 1167 802 1249; baseline 0.004 -23"><span class='ocrx_word' id='word_1_72' title='bbox 121 1167 213 1232; x_wconf 77' lang='lat' dir='ltr'>Stricta</span> <span class='ocrx_word' id='word_1_73' title='bbox 222 1173 293 1232; x_wconf 89' lang='lat' dir='ltr'>meis</span> <span class='ocrx_word' id='word_1_74' title='bbox 306 1172 438 1230; x_wconf 87' lang='lat' dir='ltr'>manibus</span> <span class='ocrx_word' id='word_1_75' title='bbox 450 1171 567 1249; x_wconf 76' lang='lat' dir='ltr'>perjura</span> <span class='ocrx_word' id='word_1_76' title='bbox 580 1171 685 1230; x_wconf 86' lang='lat' dir='ltr'>moenia</span> <span class='ocrx_word' id='word_1_77' title='bbox 697 1171 802 1249; x_wconf 83' lang='lat' dir='ltr'>Trojae.</span> 
     </span>
    </p>

    <p class='ocr_par' dir='ltr' id='par_1_8' title="bbox 120 1247 978 1411">
     <span class='ocr_line' id='line_1_13' title="bbox 120 1247 978 1331; baseline 0.003 -25"><span class='ocrx_word' id='word_1_78' title='bbox 120 1247 186 1311; x_wconf 81' lang='lat' dir='ltr'>Nunc</span> <span class='ocrx_word' id='word_1_79' title='bbox 197 1272 304 1331; x_wconf 90' lang='lat' dir='ltr'>quoque</span> <span class='ocrx_word' id='word_1_80' title='bbox 316 1272 398 1310; x_wconf 90' lang='lat' dir='ltr'>mens</span> <span class='ocrx_word' id='word_1_81' title='bbox 411 1251 509 1310; x_wconf 79' lang='lat' dir='ltr'>eadem</span> <span class='ocrx_word' id='word_1_82' title='bbox 520 1254 631 1328; x_wconf 87' lang='lat' dir='ltr'>perstat</span> <span class='ocrx_word' id='word_1_83' title='bbox 643 1251 731 1310; x_wconf 84' lang='lat' dir='ltr'>mihi:</span> <span class='ocrx_word' id='word_1_84' title='bbox 751 1250 824 1328; x_wconf 92' lang='lat' dir='ltr'>pelle</span> <span class='ocrx_word' id='word_1_85' title='bbox 835 1250 978 1309; x_wconf 90' lang='lat' dir='ltr'>timorem.</span> 
     </span>
     <span class='ocr_line' id='line_1_14' title="bbox 121 1325 755 1411; baseline 0 -23"><span class='ocrx_word' id='word_1_86' title='bbox 121 1325 199 1405; x_wconf 79' lang='lat' dir='ltr'>Tutia,</span> <span class='ocrx_word' id='word_1_87' title='bbox 211 1353 280 1411; x_wconf 90' lang='lat' dir='ltr'>quos</span> <span class='ocrx_word' id='word_1_88' title='bbox 293 1335 385 1410; x_wconf 89' lang='lat' dir='ltr'>optas,</span> <span class='ocrx_word' id='word_1_89' title='bbox 397 1334 498 1408; x_wconf 83' lang='lat' dir='ltr'>portus</span> <span class='ocrx_word' id='word_1_90' title='bbox 511 1331 625 1390; x_wconf 91' lang='lat' dir='ltr'>accedet</span> <span class='ocrx_word' id='word_1_91' title='bbox 638 1330 755 1389; x_wconf 83' lang='lat' dir='ltr'>Averni.</span> 
     </span>
    </p>

    <p class='ocr_par' dir='ltr' id='par_1_9' title="bbox 121 1405 949 1648">
     <span class='ocr_line' id='line_1_15' title="bbox 121 1405 893 1489; baseline 0.005 -23"><span class='ocrx_word' id='word_1_92' title='bbox 121 1405 182 1470; x_wconf 85' lang='lat' dir='ltr'>Unus</span> <span class='ocrx_word' id='word_1_93' title='bbox 193 1413 244 1471; x_wconf 88' lang='lat' dir='ltr'>erit</span> <span class='ocrx_word' id='word_1_94' title='bbox 256 1415 383 1483; x_wconf 73' lang='lat' dir='ltr'>tautum</span> <span class='ocrx_word' id='word_1_95' title='bbox 396 1410 533 1469; x_wconf 85' lang='lat' dir='ltr'>amissum</span> <span class='ocrx_word' id='word_1_96' title='bbox 545 1430 629 1488; x_wconf 86' lang='lat' dir='ltr'>quem</span> <span class='ocrx_word' id='word_1_97' title='bbox 642 1410 757 1489; x_wconf 82' lang='lat' dir='ltr'>gurgite</span> <span class='ocrx_word' id='word_1_98' title='bbox 770 1413 893 1488; x_wconf 82' lang='lat' dir='ltr'>quaeret3</span> 
     </span>
     <span class='ocr_line' id='line_1_16' title="bbox 123 1485 949 1569; baseline -0.001 -22"><span class='ocrx_word' id='word_1_99' title='bbox 123 1485 196 1549; x_wconf 81' lang='lat' dir='ltr'>Unum</span> <span class='ocrx_word' id='word_1_100' title='bbox 207 1513 257 1569; x_wconf 88' lang='lat' dir='ltr'>pro</span> <span class='ocrx_word' id='word_1_101' title='bbox 270 1491 371 1550; x_wconf 88' lang='lat' dir='ltr'>multis</span> <span class='ocrx_word' id='word_1_102' title='bbox 384 1491 499 1550; x_wconf 87' lang='lat' dir='ltr'>dabitur</span> <span class='ocrx_word' id='word_1_103' title='bbox 511 1490 627 1568; x_wconf 87' lang='lat' dir='ltr'>caput.&#39;&#39;</span> <span class='ocrx_word' id='word_1_104' title='bbox 947 1503 949 1507; x_wconf 85' lang='grc'><strong>’</strong></span> 
     </span>
     <span class='ocr_line' id='line_1_17' title="bbox 122 1564 761 1648; baseline -0.002 -20"><span class='ocrx_word' id='word_1_105' title='bbox 122 1564 161 1628; x_wconf 82' lang='lat' dir='ltr'>llis</span> <span class='ocrx_word' id='word_1_106' title='bbox 170 1572 214 1630; x_wconf 90' lang='lat' dir='ltr'>ubi</span> <span class='ocrx_word' id='word_1_107' title='bbox 225 1573 292 1630; x_wconf 86' lang='lat' dir='ltr'>laeta</span> <span class='ocrx_word' id='word_1_108' title='bbox 305 1572 364 1630; x_wconf 83' lang='lat' dir='ltr'>‹leae</span> <span class='ocrx_word' id='word_1_109' title='bbox 376 1569 527 1648; x_wconf 88' lang='lat' dir='ltr'>permulsit</span> <span class='ocrx_word' id='word_1_110' title='bbox 539 1572 655 1647; x_wconf 91' lang='lat' dir='ltr'>pectora</span> <span class='ocrx_word' id='word_1_111' title='bbox 667 1569 761 1642; x_wconf 87' lang='lat' dir='ltr'>dictis,</span> 
     </span>
    </p>

    <p class='ocr_par' dir='ltr' id='par_1_10' title="bbox 121 1644 918 2122">
     <span class='ocr_line' id='line_1_18' title="bbox 122 1644 838 1730; baseline -0.004 -20"><span class='ocrx_word' id='word_1_112' title='bbox 122 1644 201 1728; x_wconf 80' lang='lat' dir='ltr'>Jungit</span> <span class='ocrx_word' id='word_1_113' title='bbox 213 1671 299 1730; x_wconf 90' lang='lat' dir='ltr'>equos</span> <span class='ocrx_word' id='word_1_114' title='bbox 313 1671 381 1709; x_wconf 92' lang='lat' dir='ltr'>auro</span> <span class='ocrx_word' id='word_1_115' title='bbox 394 1649 516 1728; x_wconf 84' lang='lat' dir='ltr'>genitor,</span> <span class='ocrx_word' id='word_1_116' title='bbox 529 1649 745 1727; x_wconf 83' lang='lat' dir='ltr'>spumantiaque</span> <span class='ocrx_word' id='word_1_117' title='bbox 757 1649 838 1708; x_wconf 83' lang='lat' dir='ltr'>addit</span> 
     </span>
     <span class='ocr_line' id='line_1_19' title="bbox 122 1723 868 1807; baseline 0.003 -20"><span class='ocrx_word' id='word_1_118' title='bbox 122 1723 190 1789; x_wconf 58' lang='lat' dir='ltr'>hena</span> <span class='ocrx_word' id='word_1_119' title='bbox 200 1731 274 1804; x_wconf 85' lang='lat' dir='ltr'>seris,</span> <span class='ocrx_word' id='word_1_120' title='bbox 287 1731 473 1807; x_wconf 88' lang='lat' dir='ltr'>manibusque</span> <span class='ocrx_word' id='word_1_121' title='bbox 485 1749 583 1789; x_wconf 92' lang='lat' dir='ltr'>omnes</span> <span class='ocrx_word' id='word_1_122' title='bbox 596 1729 717 1788; x_wconf 86' lang='lat' dir='ltr'>effimdit</span> <span class='ocrx_word' id='word_1_123' title='bbox 729 1728 868 1789; x_wconf 88' lang='lat' dir='ltr'>habenas:</span> 
     </span>
     <span class='ocr_line' id='line_1_20' title="bbox 122 1802 810 1889; baseline 0.003 -25"><span class='ocrx_word' id='word_1_124' title='bbox 122 1802 216 1870; x_wconf 73' lang='lat' dir='ltr'>Canaleo</span> <span class='ocrx_word' id='word_1_125' title='bbox 228 1831 281 1889; x_wconf 89' lang='lat' dir='ltr'>per</span> <span class='ocrx_word' id='word_1_126' title='bbox 292 1830 405 1869; x_wconf 88' lang='lat' dir='ltr'>summa</span> <span class='ocrx_word' id='word_1_127' title='bbox 417 1810 487 1869; x_wconf 86' lang='lat' dir='ltr'>levis</span> <span class='ocrx_word' id='word_1_128' title='bbox 499 1809 578 1868; x_wconf 84' lang='lat' dir='ltr'>volat</span> <span class='ocrx_word' id='word_1_129' title='bbox 593 1828 707 1887; x_wconf 83' lang='lat' dir='ltr'>aequora</span> <span class='ocrx_word' id='word_1_130' title='bbox 719 1830 810 1868; x_wconf 89' lang='lat' dir='ltr'>curru.</span> 
     </span>
     <span class='ocr_line' id='line_1_21' title="bbox 122 1882 827 1966; baseline 0.004 -22"><span class='ocrx_word' id='word_1_131' title='bbox 122 1882 249 1949; x_wconf 72' lang='lat' dir='ltr'>subsidunt</span> <span class='ocrx_word' id='word_1_132' title='bbox 264 1890 355 1963; x_wconf 79' lang='lat' dir='ltr'>unda,</span> <span class='ocrx_word' id='word_1_133' title='bbox 368 1890 567 1966; x_wconf 88' lang='lat' dir='ltr'>tumidumque</span> <span class='ocrx_word' id='word_1_134' title='bbox 581 1889 634 1947; x_wconf 89' lang='lat' dir='ltr'>sub</span> <span class='ocrx_word' id='word_1_135' title='bbox 647 1909 698 1948; x_wconf 83' lang='lat' dir='ltr'>axe</span> <span class='ocrx_word' id='word_1_136' title='bbox 711 1889 827 1948; x_wconf 87' lang='lat' dir='ltr'>tonanti</span> 
     </span>
     <span class='ocr_line' id='line_1_22' title="bbox 121 1965 918 2048; baseline 0.005 -25"><span class='ocrx_word' id='word_1_137' title='bbox 121 1965 237 2029; x_wconf 82' lang='lat' dir='ltr'>Sternitm</span> <span class='ocrx_word' id='word_1_138' title='bbox 250 1990 349 2048; x_wconf 86' lang='lat' dir='ltr'>aequor</span> <span class='ocrx_word' id='word_1_139' title='bbox 361 1969 457 2047; x_wconf 84' lang='lat' dir='ltr'>aquis3</span> <span class='ocrx_word' id='word_1_140' title='bbox 476 1969 593 2046; x_wconf 86' lang='lat' dir='ltr'>fugiunt</span> <span class='ocrx_word' id='word_1_141' title='bbox 605 1975 688 2027; x_wconf 86' lang='lat' dir='ltr'>vasto</span> <span class='ocrx_word' id='word_1_142' title='bbox 701 1969 806 2028; x_wconf 82' lang='lat' dir='ltr'>aethere</span> <span class='ocrx_word' id='word_1_143' title='bbox 818 1967 918 2027; x_wconf 88' lang='lat' dir='ltr'>nimbi.</span> 
     </span>
     <span class='ocr_line' id='line_1_23' title="bbox 121 2041 781 2122; baseline 0.002 -15"><span class='ocrx_word' id='word_1_144' title='bbox 121 2041 173 2107; x_wconf 81' lang='lat' dir='ltr'>l&#39;um</span> <span class='ocrx_word' id='word_1_145' title='bbox 183 2051 265 2108; x_wconf 81' lang='lat' dir='ltr'>variae</span> <span class='ocrx_word' id='word_1_146' title='bbox 279 2049 417 2109; x_wconf 93' lang='lat' dir='ltr'>comitum</span> <span class='ocrx_word' id='word_1_147' title='bbox 429 2048 698 2122; x_wconf 61' lang='lat' dir='ltr'>facies—immania</span> <span class='ocrx_word' id='word_1_148' title='bbox 710 2052 781 2122; x_wconf 87' lang='lat' dir='ltr'>ceto,</span> 
     </span>
    </p>

    <p class='ocr_par' dir='ltr' id='par_1_11' title="bbox 120 2121 807 2287">
     <span class='ocr_line' id='line_1_24' title="bbox 120 2121 807 2205; baseline 0.003 -21"><span class='ocrx_word' id='word_1_149' title='bbox 120 2121 147 2184; x_wconf 72' lang='lat' dir='ltr'>a</span> <span class='ocrx_word' id='word_1_150' title='bbox 156 2130 241 2188; x_wconf 87' lang='lat' dir='ltr'>senior</span> <span class='ocrx_word' id='word_1_151' title='bbox 254 2129 358 2188; x_wconf 80' lang='lat' dir='ltr'>Glauci</span> <span class='ocrx_word' id='word_1_152' title='bbox 370 2129 481 2200; x_wconf 88' lang='lat' dir='ltr'>chorus,</span> <span class='ocrx_word' id='word_1_153' title='bbox 494 2128 640 2205; x_wconf 85' lang='lat' dir='ltr'>Inousque</span> <span class='ocrx_word' id='word_1_154' title='bbox 653 2128 807 2194; x_wconf 81' lang='lat' dir='ltr'>Palaemon,</span> 
     </span>
     <span class='ocr_line' id='line_1_25' title="bbox 120 2201 800 2287; baseline 0.003 -22"><span class='ocrx_word' id='word_1_155' title='bbox 120 2201 280 2287; x_wconf 77' lang='lat' dir='ltr'>Tritonesque</span> <span class='ocrx_word' id='word_1_156' title='bbox 293 2209 353 2280; x_wconf 89' lang='lat' dir='ltr'>citi,</span> <span class='ocrx_word' id='word_1_157' title='bbox 367 2209 527 2284; x_wconf 90' lang='lat' dir='ltr'>Phorcique</span> <span class='ocrx_word' id='word_1_158' title='bbox 540 2208 678 2267; x_wconf 86' lang='lat' dir='ltr'>exercitus</span> <span class='ocrx_word' id='word_1_159' title='bbox 692 2209 800 2267; x_wconf 90' lang='lat' dir='ltr'>omnis:</span> 
     </span>
    </p>

    <p class='ocr_par' dir='ltr' id='par_1_12' title="bbox 118 2279 889 2446">
     <span class='ocr_line' id='line_1_26' title="bbox 119 2279 889 2366; baseline 0.004 -22"><span class='ocrx_word' id='word_1_160' title='bbox 119 2279 181 2347; x_wconf 76' lang='lat' dir='ltr'>Lava</span> <span class='ocrx_word' id='word_1_161' title='bbox 191 2292 293 2349; x_wconf 86' lang='lat' dir='ltr'>tenent</span> <span class='ocrx_word' id='word_1_162' title='bbox 306 2288 416 2360; x_wconf 83' lang='lat' dir='ltr'>Thetis,</span> <span class='ocrx_word' id='word_1_163' title='bbox 430 2291 460 2347; x_wconf 99' lang='lat' dir='ltr'>et</span> <span class='ocrx_word' id='word_1_164' title='bbox 473 2288 585 2359; x_wconf 88' lang='lat' dir='ltr'>Melite,</span> <span class='ocrx_word' id='word_1_165' title='bbox 600 2287 786 2366; x_wconf 80' lang='lat' dir='ltr'>Panopeaque</span> <span class='ocrx_word' id='word_1_166' title='bbox 800 2288 889 2366; x_wconf 83' lang='lat' dir='ltr'>virg0,</span> 
     </span>
     <span class='ocr_line' id='line_1_27' title="bbox 118 2360 758 2446; baseline 0.008 -25"><span class='ocrx_word' id='word_1_167' title='bbox 118 2360 205 2442; x_wconf 74' lang='lat' dir='ltr'>Nesaee,</span> <span class='ocrx_word' id='word_1_168' title='bbox 218 2369 350 2446; x_wconf 79' lang='lat' dir='ltr'>Spioque,</span> <span class='ocrx_word' id='word_1_169' title='bbox 364 2368 520 2445; x_wconf 82' lang='lat' dir='ltr'>Thaliaque</span> <span class='ocrx_word' id='word_1_170' title='bbox 534 2367 758 2446; x_wconf 80' lang='lat' dir='ltr'>Cymodoceque.</span> 
     </span>
    </p>

    <p class='ocr_par' dir='ltr' id='par_1_13' title="bbox 117 2447 840 2679">
     <span class='ocr_line' id='line_1_28' title="bbox 144 2447 832 2527; baseline -0.001 -20"><span class='ocrx_word' id='word_1_171' title='bbox 144 2447 190 2506; x_wconf 90' lang='lat' dir='ltr'>His</span> <span class='ocrx_word' id='word_1_172' title='bbox 201 2449 292 2527; x_wconf 90' lang='lat' dir='ltr'>patris</span> <span class='ocrx_word' id='word_1_173' title='bbox 305 2448 404 2506; x_wconf 79' lang='lat' dir='ltr'>AEneae</span> <span class='ocrx_word' id='word_1_174' title='bbox 416 2467 580 2525; x_wconf 84' lang='lat' dir='ltr'>suspensam</span> <span class='ocrx_word' id='word_1_175' title='bbox 592 2448 696 2506; x_wconf 82' lang='lat' dir='ltr'>blanda</span> <span class='ocrx_word' id='word_1_176' title='bbox 707 2447 832 2506; x_wconf 87' lang='lat' dir='ltr'>vicissim</span> 
     </span>
     <span class='ocr_line' id='line_1_29' title="bbox 118 2519 840 2606; baseline 0.008 -27"><span class='ocrx_word' id='word_1_177' title='bbox 118 2519 205 2587; x_wconf 82' lang='lat' dir='ltr'>Gaudia</span> <span class='ocrx_word' id='word_1_178' title='bbox 216 2531 384 2606; x_wconf 83' lang='lat' dir='ltr'>pertentant</span> <span class='ocrx_word' id='word_1_179' title='bbox 396 2531 538 2599; x_wconf 91' lang='lat' dir='ltr'>mentem;</span> <span class='ocrx_word' id='word_1_180' title='bbox 554 2527 639 2605; x_wconf 90' lang='lat' dir='ltr'>jubet</span> <span class='ocrx_word' id='word_1_181' title='bbox 652 2528 729 2586; x_wconf 91' lang='lat' dir='ltr'>ocius</span> <span class='ocrx_word' id='word_1_182' title='bbox 743 2548 840 2586; x_wconf 90' lang='lat' dir='ltr'>omnes</span> 
     </span>
     <span class='ocr_line' id='line_1_30' title="bbox 117 2601 654 2679; baseline -0.002 -14"><span class='ocrx_word' id='word_1_183' title='bbox 117 2601 199 2666; x_wconf 73' lang='lat' dir='ltr'>Attolli</span> <span class='ocrx_word' id='word_1_184' title='bbox 211 2609 310 2679; x_wconf 91' lang='lat' dir='ltr'>malos,</span> <span class='ocrx_word' id='word_1_185' title='bbox 323 2607 436 2666; x_wconf 86' lang='lat' dir='ltr'>intendi</span> <span class='ocrx_word' id='word_1_186' title='bbox 447 2607 563 2666; x_wconf 83' lang='lat' dir='ltr'>brachia</span> <span class='ocrx_word' id='word_1_187' title='bbox 574 2607 654 2665; x_wconf 78' lang='lat' dir='ltr'>velis,</span> 
     </span>
    </p>

    <p class='ocr_par' dir='ltr' id='par_1_14' title="bbox 116 2677 906 3243">
     <span class='ocr_line' id='line_1_31' title="bbox 116 2677 834 2764; baseline 0 -20"><span class='ocrx_word' id='word_1_188' title='bbox 116 2677 166 2744; x_wconf 82' lang='lat' dir='ltr'>Una</span> <span class='ocrx_word' id='word_1_189' title='bbox 176 2708 271 2746; x_wconf 89' lang='lat' dir='ltr'>omnes</span> <span class='ocrx_word' id='word_1_190' title='bbox 283 2688 373 2746; x_wconf 86' lang='lat' dir='ltr'>fecere</span> <span class='ocrx_word' id='word_1_191' title='bbox 386 2687 502 2764; x_wconf 82' lang='lat' dir='ltr'>pedem3</span> <span class='ocrx_word' id='word_1_192' title='bbox 521 2687 682 2764; x_wconf 74' lang='lat' dir='ltr'>pariterque</span> <span class='ocrx_word' id='word_1_193' title='bbox 695 2685 834 2758; x_wconf 88' lang='lat' dir='ltr'>sinistros,</span> 
     </span>
     <span class='ocr_line' id='line_1_32' title="bbox 116 2756 861 2843; baseline 0.001 -20"><span class='ocrx_word' id='word_1_194' title='bbox 116 2756 182 2824; x_wconf 80' lang='lat' dir='ltr'>Nunc</span> <span class='ocrx_word' id='word_1_195' title='bbox 193 2769 308 2826; x_wconf 84' lang='lat' dir='ltr'>dextros</span> <span class='ocrx_word' id='word_1_196' title='bbox 321 2767 429 2825; x_wconf 89' lang='lat' dir='ltr'>solvere</span> <span class='ocrx_word' id='word_1_197' title='bbox 442 2766 536 2838; x_wconf 84' lang='lat' dir='ltr'>sinus3</span> <span class='ocrx_word' id='word_1_198' title='bbox 555 2787 613 2824; x_wconf 90' lang='lat' dir='ltr'>una</span> <span class='ocrx_word' id='word_1_199' title='bbox 626 2766 714 2824; x_wconf 82' lang='lat' dir='ltr'>ardua</span> <span class='ocrx_word' id='word_1_200' title='bbox 725 2768 861 2843; x_wconf 90' lang='lat' dir='ltr'>torquent</span> 
     </span>
     <span class='ocr_line' id='line_1_33' title="bbox 117 2837 906 2924; baseline 0.004 -24"><span class='ocrx_word' id='word_1_201' title='bbox 117 2837 207 2905; x_wconf 70' lang='lat' dir='ltr'>Cornua</span> <span class='ocrx_word' id='word_1_202' title='bbox 219 2848 460 2924; x_wconf 89' lang='lat' dir='ltr'>detorquentque:</span> <span class='ocrx_word' id='word_1_203' title='bbox 480 2847 576 2905; x_wconf 86' lang='lat' dir='ltr'>ferunt</span> <span class='ocrx_word' id='word_1_204' title='bbox 589 2866 641 2904; x_wconf 88' lang='lat' dir='ltr'>sua</span> <span class='ocrx_word' id='word_1_205' title='bbox 652 2845 768 2904; x_wconf 90' lang='lat' dir='ltr'>flamina</span> <span class='ocrx_word' id='word_1_206' title='bbox 780 2847 906 2904; x_wconf 88' lang='lat' dir='ltr'>classem.</span> 
     </span>
     <span class='ocr_line' id='line_1_34' title="bbox 116 2915 833 3004; baseline 0.007 -25"><span class='ocrx_word' id='word_1_207' title='bbox 116 2915 228 3004; x_wconf 84' lang='lat' dir='ltr'>Princeps</span> <span class='ocrx_word' id='word_1_208' title='bbox 241 2931 309 2985; x_wconf 89' lang='lat' dir='ltr'>ante</span> <span class='ocrx_word' id='word_1_209' title='bbox 322 2946 419 2984; x_wconf 87' lang='lat' dir='ltr'>omnes</span> <span class='ocrx_word' id='word_1_210' title='bbox 432 2927 552 2985; x_wconf 88' lang='lat' dir='ltr'>densum</span> <span class='ocrx_word' id='word_1_211' title='bbox 565 2926 716 2984; x_wconf 86' lang='lat' dir='ltr'>Palinurus</span> <span class='ocrx_word' id='word_1_212' title='bbox 730 2927 833 3002; x_wconf 82' lang='lat' dir='ltr'>agebat</span> 
     </span>
     <span class='ocr_line' id='line_1_35' title="bbox 117 2998 832 3083; baseline 0 -19"><span class='ocrx_word' id='word_1_213' title='bbox 117 2998 223 3078; x_wconf 68' lang='lat' dir='ltr'>Agmen:</span> <span class='ocrx_word' id='word_1_214' title='bbox 243 3007 370 3064; x_wconf 84' lang='lat' dir='ltr'>adhunc</span> <span class='ocrx_word' id='word_1_215' title='bbox 384 3006 432 3063; x_wconf 86' lang='lat' dir='ltr'>alii</span> <span class='ocrx_word' id='word_1_216' title='bbox 444 3026 558 3064; x_wconf 89' lang='lat' dir='ltr'>cursum</span> <span class='ocrx_word' id='word_1_217' title='bbox 571 3007 741 3065; x_wconf 86' lang='lat' dir='ltr'>contendere</span> <span class='ocrx_word' id='word_1_218' title='bbox 750 3006 832 3083; x_wconf 85' lang='lat' dir='ltr'>jussi.</span> 
     </span>
     <span class='ocr_line' id='line_1_36' title="bbox 118 3074 822 3162; baseline 0.006 -22"><span class='ocrx_word' id='word_1_219' title='bbox 118 3074 217 3162; x_wconf 76' lang='lat' dir='ltr'>Jamque</span> <span class='ocrx_word' id='word_1_220' title='bbox 229 3087 288 3144; x_wconf 85' lang='lat' dir='ltr'>fere</span> <span class='ocrx_word' id='word_1_221' title='bbox 301 3085 424 3143; x_wconf 83' lang='lat' dir='ltr'>mediam</span> <span class='ocrx_word' id='word_1_222' title='bbox 438 3085 501 3143; x_wconf 91' lang='lat' dir='ltr'>coeli</span> <span class='ocrx_word' id='word_1_223' title='bbox 514 3106 570 3143; x_wconf 86' lang='lat' dir='ltr'>nox</span> <span class='ocrx_word' id='word_1_224' title='bbox 582 3085 701 3143; x_wconf 88' lang='lat' dir='ltr'>humida</span> <span class='ocrx_word' id='word_1_225' title='bbox 714 3089 822 3144; x_wconf 86' lang='lat' dir='ltr'>metam</span> 
     </span>
     <span class='ocr_line' id='line_1_37' title="bbox 118 3153 799 3243; baseline 0.009 -25"><span class='ocrx_word' id='word_1_226' title='bbox 118 3153 278 3242; x_wconf 75' lang='lat' dir='ltr'>Contigerat:</span> <span class='ocrx_word' id='word_1_227' title='bbox 299 3165 409 3242; x_wconf 87' lang='lat' dir='ltr'>placida</span> <span class='ocrx_word' id='word_1_228' title='bbox 421 3165 550 3223; x_wconf 84' lang='lat' dir='ltr'>laxarant</span> <span class='ocrx_word' id='word_1_229' title='bbox 563 3166 692 3224; x_wconf 88' lang='lat' dir='ltr'>membra</span> <span class='ocrx_word' id='word_1_230' title='bbox 705 3165 799 3243; x_wconf 90' lang='lat' dir='ltr'>quiete</span> 
     </span>
    </p>

    <p class='ocr_par' dir='ltr' id='par_1_15' title="bbox 118 3232 703 3321">
     <span class='ocr_line' id='line_1_38' title="bbox 118 3232 703 3321; baseline 0.012 -26"><span class='ocrx_word' id='word_1_231' title='bbox 118 3232 163 3298; x_wconf 81' lang='lat' dir='ltr'>Sub</span> <span class='ocrx_word' id='word_1_232' title='bbox 172 3246 250 3303; x_wconf 90' lang='lat' dir='ltr'>remis</span> <span class='ocrx_word' id='word_1_233' title='bbox 262 3245 320 3302; x_wconf 88' lang='lat' dir='ltr'>fusi</span> <span class='ocrx_word' id='word_1_234' title='bbox 332 3264 382 3321; x_wconf 89' lang='lat' dir='ltr'>per</span> <span class='ocrx_word' id='word_1_235' title='bbox 395 3245 466 3302; x_wconf 83' lang='lat' dir='ltr'>dura</span> <span class='ocrx_word' id='word_1_236' title='bbox 479 3245 576 3303; x_wconf 82' lang='lat' dir='ltr'>sedilia</span> <span class='ocrx_word' id='word_1_237' title='bbox 588 3247 703 3316; x_wconf 83' lang='lat' dir='ltr'>nautae;</span> 
     </span>
    </p>

    <p class='ocr_par' dir='ltr' id='par_1_16' title="bbox 119 3313 836 3402">
     <span class='ocr_line' id='line_1_39' title="bbox 119 3313 836 3402; baseline -0.001 -18"><span class='ocrx_word' id='word_1_238' title='bbox 119 3313 192 3385; x_wconf 68' lang='lat' dir='ltr'>Quum</span> <span class='ocrx_word' id='word_1_239' title='bbox 204 3325 272 3383; x_wconf 87' lang='lat' dir='ltr'>levis</span> <span class='ocrx_word' id='word_1_240' title='bbox 286 3324 410 3383; x_wconf 75' lang='lat' dir='ltr'>aetheriis</span> <span class='ocrx_word' id='word_1_241' title='bbox 424 3325 554 3402; x_wconf 88' lang='lat' dir='ltr'>delapsus</span> <span class='ocrx_word' id='word_1_242' title='bbox 567 3325 689 3382; x_wconf 88' lang='lat' dir='ltr'>Somnus</span> <span class='ocrx_word' id='word_1_243' title='bbox 702 3324 739 3382; x_wconf 90' lang='lat' dir='ltr'>ab</span> <span class='ocrx_word' id='word_1_244' title='bbox 751 3324 836 3383; x_wconf 87' lang='lat' dir='ltr'>astris</span> 
     </span>
    </p>

    <p class='ocr_par' dir='ltr' id='par_1_17' title="bbox 119 3393 821 3482">
     <span class='ocr_line' id='line_1_40' title="bbox 119 3393 821 3482; baseline 0.006 -23"><span class='ocrx_word' id='word_1_245' title='bbox 119 3393 176 3459; x_wconf 65' lang='lat' dir='ltr'>Atra</span> <span class='ocrx_word' id='word_1_246' title='bbox 187 3404 305 3463; x_wconf 80' lang='lat' dir='ltr'>dimovit</span> <span class='ocrx_word' id='word_1_247' title='bbox 319 3405 508 3476; x_wconf 88' lang='lat' dir='ltr'>tenebrosum,</span> <span class='ocrx_word' id='word_1_248' title='bbox 523 3408 552 3462; x_wconf 89' lang='lat' dir='ltr'>et</span> <span class='ocrx_word' id='word_1_249' title='bbox 566 3404 684 3482; x_wconf 89' lang='lat' dir='ltr'>dispulit</span> <span class='ocrx_word' id='word_1_250' title='bbox 697 3406 821 3476; x_wconf 88' lang='lat' dir='ltr'>umbras,</span> 
     </span>
    </p>

    <p class='ocr_par' dir='ltr' id='par_1_18' title="bbox 119 3468 852 3642">
     <span class='ocr_line' id='line_1_41' title="bbox 120 3468 852 3562; baseline 0.004 -23"><span class='ocrx_word' id='word_1_251' title='bbox 120 3468 158 3547; x_wconf 81' lang='grc' dir='ltr'>Τθ,</span> <span class='ocrx_word' id='word_1_252' title='bbox 168 3480 300 3556; x_wconf 85' lang='lat' dir='ltr'>Palinure,</span> <span class='ocrx_word' id='word_1_253' title='bbox 314 3488 423 3561; x_wconf 80' lang='lat' dir='ltr'>patena,</span> <span class='ocrx_word' id='word_1_254' title='bbox 436 3484 491 3542; x_wconf 90' lang='lat' dir='ltr'>tibi</span> <span class='ocrx_word' id='word_1_255' title='bbox 505 3485 614 3542; x_wconf 87' lang='lat' dir='ltr'>somnia</span> <span class='ocrx_word' id='word_1_256' title='bbox 626 3484 723 3542; x_wconf 87' lang='lat' dir='ltr'>tristia</span> <span class='ocrx_word' id='word_1_257' title='bbox 734 3488 852 3562; x_wconf 90' lang='lat' dir='ltr'>portans</span> 
     </span>
     <span class='ocr_line' id='line_1_42' title="bbox 119 3545 735 3642; baseline 0.008 -25"><span class='ocrx_word' id='word_1_258' title='bbox 119 3545 224 3622; x_wconf 78' lang='lat' dir='ltr'>Iflsonti:</span> <span class='ocrx_word' id='word_1_259' title='bbox 245 3565 388 3642; x_wconf 87' lang='lat' dir='ltr'>puppique</span> <span class='ocrx_word' id='word_1_260' title='bbox 402 3565 470 3623; x_wconf 91' lang='lat' dir='ltr'>deus</span> <span class='ocrx_word' id='word_1_261' title='bbox 484 3564 611 3622; x_wconf 74' lang='lat' dir='ltr'>consedit</span> <span class='ocrx_word' id='word_1_262' title='bbox 624 3564 655 3621; x_wconf 93' lang='lat' dir='ltr'>in</span> <span class='ocrx_word' id='word_1_263' title='bbox 668 3565 735 3636; x_wconf 89' lang='lat' dir='ltr'>alta,</span> 
     </span>
    </p>

    <p class='ocr_par' dir='ltr' id='par_1_19' title="bbox 118 3624 825 3882">
     <span class='ocr_line' id='line_1_43' title="bbox 120 3624 819 3720; baseline 0.009 -26"><span class='ocrx_word' id='word_1_264' title='bbox 120 3624 254 3702; x_wconf 86' lang='lat' dir='ltr'>Phorbanti</span> <span class='ocrx_word' id='word_1_265' title='bbox 268 3643 376 3715; x_wconf 87' lang='lat' dir='ltr'>similis,</span> <span class='ocrx_word' id='word_1_266' title='bbox 389 3644 540 3720; x_wconf 90' lang='lat' dir='ltr'>funditque</span> <span class='ocrx_word' id='word_1_267' title='bbox 553 3644 605 3701; x_wconf 88' lang='lat' dir='ltr'>has</span> <span class='ocrx_word' id='word_1_268' title='bbox 619 3662 666 3701; x_wconf 88' lang='lat' dir='ltr'>ore</span> <span class='ocrx_word' id='word_1_269' title='bbox 678 3643 819 3720; x_wconf 81' lang='lat' dir='ltr'>loquelas:</span> 
     </span>
     <span class='ocr_line' id='line_1_44' title="bbox 119 3707 825 3803; baseline 0.004 -26"><span class='ocrx_word' id='word_1_270' title='bbox 119 3707 215 3781; x_wconf 79' lang='lat' dir='ltr'>“laide</span> <span class='ocrx_word' id='word_1_271' title='bbox 230 3724 369 3794; x_wconf 88' lang='lat' dir='ltr'>Palinure,</span> <span class='ocrx_word' id='word_1_272' title='bbox 383 3725 479 3782; x_wconf 84' lang='lat' dir='ltr'>fenmt</span> <span class='ocrx_word' id='word_1_273' title='bbox 492 3724 554 3800; x_wconf 87' lang='lat' dir='ltr'>ipsa</span> <span class='ocrx_word' id='word_1_274' title='bbox 566 3743 678 3803; x_wconf 72' lang='lat' dir='ltr'>aequora</span> <span class='ocrx_word' id='word_1_275' title='bbox 691 3724 825 3794; x_wconf 82' lang='lat' dir='ltr'>classem3</span> 
     </span>
     <span class='ocr_line' id='line_1_45' title="bbox 118 3783 762 3882; baseline 0.003 -24"><span class='ocrx_word' id='word_1_276' title='bbox 118 3783 228 3870; x_wconf 69' lang='lat' dir='ltr'>AEquatae</span> <span class='ocrx_word' id='word_1_277' title='bbox 242 3805 352 3882; x_wconf 89' lang='lat' dir='ltr'>spirant</span> <span class='ocrx_word' id='word_1_278' title='bbox 366 3823 456 3875; x_wconf 85' lang='lat' dir='ltr'>aurae3</span> <span class='ocrx_word' id='word_1_279' title='bbox 477 3803 562 3861; x_wconf 87' lang='lat' dir='ltr'>datur</span> <span class='ocrx_word' id='word_1_280' title='bbox 574 3803 645 3860; x_wconf 89' lang='lat' dir='ltr'>hora</span> <span class='ocrx_word' id='word_1_281' title='bbox 657 3802 762 3879; x_wconf 86' lang='lat' dir='ltr'>quieti:</span> 
     </span>
    </p>

    <p class='ocr_par' dir='ltr' id='par_1_20' title="bbox 118 3859 763 3958">
     <span class='ocr_line' id='line_1_46' title="bbox 118 3859 763 3958; baseline 0.017 -25"><span class='ocrx_word' id='word_1_282' title='bbox 118 3859 181 3934; x_wconf 76' lang='lat' dir='ltr'>Pone</span> <span class='ocrx_word' id='word_1_283' title='bbox 191 3888 275 3957; x_wconf 80' lang='lat' dir='ltr'>caput,</span> <span class='ocrx_word' id='word_1_284' title='bbox 287 3884 431 3958; x_wconf 67' lang='lat' dir='ltr'>rtssosque</span> <span class='ocrx_word' id='word_1_285' title='bbox 444 3883 541 3942; x_wconf 90' lang='lat' dir='ltr'>oculos</span> <span class='ocrx_word' id='word_1_286' title='bbox 553 3883 649 3943; x_wconf 74' lang='lat' dir='ltr'>fimare</span> <span class='ocrx_word' id='word_1_287' title='bbox 662 3882 763 3944; x_wconf 89' lang='lat' dir='ltr'>labori.</span> 
     </span>
    </p>

    <p class='ocr_par' dir='ltr' id='par_1_21' title="bbox 105 3936 912 4036">
     <span class='ocr_line' id='line_1_47' title="bbox 105 3936 912 4036; baseline 0.026 -23"><span class='ocrx_word' id='word_1_288' title='bbox 105 3936 213 4028; x_wconf 49' lang='lat' dir='ltr'>&amp;nego</span> <span class='ocrx_word' id='word_1_289' title='bbox 219 3960 368 4034; x_wconf 73' lang='lat' dir='ltr'>paulisper</span> <span class='ocrx_word' id='word_1_290' title='bbox 375 3981 431 4036; x_wconf 82' lang='lat' dir='ltr'>pro</span> <span class='ocrx_word' id='word_1_291' title='bbox 446 3965 476 4021; x_wconf 89' lang='lat' dir='ltr'>tc</span> <span class='ocrx_word' id='word_1_292' title='bbox 491 3966 544 4023; x_wconf 87' lang='lat' dir='ltr'>tua</span> <span class='ocrx_word' id='word_1_293' title='bbox 558 3985 684 4028; x_wconf 87' lang='lat' dir='ltr'>munera</span> <span class='ocrx_word' id='word_1_294' title='bbox 696 3966 812 4030; x_wconf 84' lang='lat' dir='ltr'>inibo.&#39;’</span> <span class='ocrx_word' id='word_1_295' title='bbox 908 4026 912 4034; x_wconf 84' lang='lat'><em>.</em></span> 
     </span>
    </p>
   </div>
   <div class='ocr_carea' id='block_1_3' title="bbox 0 0 1192 4260">
    <p class='ocr_par' dir='ltr' id='par_1_22' title="bbox 0 0 1192 4260">
     <span class='ocr_line' id='line_1_48' title="bbox 0 0 1192 4260; baseline 0 0"><span class='ocrx_word' id='word_1_296' title='bbox 0 0 1192 4260; x_wconf 95' lang='lat' dir='ltr'> </span> 
     </span>
    </p>
   </div>
  </div>
 </body>
</html>
