2446 4260
502 231 646 274 mmos
660 233 722 274 LIB.
736 234 766 274 X.

162 373 285 450 Spumea
297 373 426 433 semifero
440 373 493 433 sub
505 378 619 452 pectore
632 377 792 433 murmurat
805 375 890 434 unda.

162 453 220 512 Tot
232 453 301 512 lecti
313 474 441 531 proceres
454 458 499 513 ter
512 455 592 513 denis
605 455 724 513 navibus
738 455 819 513 ibant

162 533 294 591 Subsidio
307 533 411 611 Trojae,
425 537 455 592 et
468 554 582 612 campos
596 534 661 592 salis
675 555 728 592 aere
742 535 884 593 secabant.

200 612 325 690 Jamque
338 613 397 671 dies
411 614 481 672 ccelc
495 616 678 686 concesserat,
692 614 820 690 almaque
834 635 919 672 curru

161 692 325 770 Noctivago
339 693 448 751 Phoebe
461 695 586 752 medium
599 694 730 771 pulsabat
745 694 919 771 Olympum:

161 771 275 844 AEneas,
289 773 469 848 nequeenim
482 774 617 831 membris
631 774 681 832 dat
695 793 763 832 cura
775 773 910 851 quietem,

161 851 228 927 Ipse
241 852 340 911 sedens
354 852 519 929 clavumque
532 854 607 930 regit
619 853 744 930 velisque
757 854 911 912 ministrat.

161 932 260 1009 Atque
272 931 316 989 illi
328 932 421 990 medio
434 933 465 990 in
479 933 571 1010 spatio
585 934 687 991 chorus
702 953 765 992 ecce
779 953 894 991 suarum

162 1011 294 1070 Occurrit
307 1012 462 1070 comitum:
484 1013 639 1090 Nymphae,
653 1033 723 1089 quas
736 1013 812 1070 alma
825 1013 940 1091 Cybebe

160 1090 280 1150 Numen
293 1092 396 1150 habere
409 1092 504 1163 maris,
518 1092 726 1170 Nymphasque
740 1113 755 1151 e
768 1093 888 1151 navibus
901 1113 961 1151 esse

161 1889 183 1947 J
185 1892 302 1960 usserat,
315 1887 454 1948 innabant
467 1890 581 1966 pariter,
595 1889 755 1965 fluctusque
768 1890 910 1964 secabant,

162 1969 240 2042 Quot
253 1968 331 2046 prius
345 1973 438 2027 aeratae
453 1972 593 2027 steterant
606 1970 642 2027 ad
654 1970 739 2027 litora
752 1989 852 2047 prorae.

159 2050 331 2126 Agnoscunt
344 2049 429 2126 longe
442 2069 547 2126 regem,
561 2050 741 2125 lustrantque
755 2050 873 2108 choreis.

160 2128 296 2200 Quarum,
310 2148 374 2204 quoe
388 2128 467 2186 fandi
479 2128 650 2202 doctissima,
665 2129 843 2206 Cymodocea

160 2207 240 2266 Pone
254 2228 372 2284 sequens
386 2208 486 2266 dextra
497 2209 615 2287 puppim
628 2212 718 2281 tenet,
736 2209 852 2287 ipsaque
865 2210 948 2269 dorso

160 2287 288 2359 Eminet,
301 2308 333 2346 ac
346 2287 416 2345 laeva
428 2288 525 2346 tacitis
538 2289 714 2366 subremigat
727 2290 820 2347 undis.

160 2367 236 2425 Tum
249 2367 289 2425 sic
302 2367 434 2445 ignarum
447 2368 616 2445 alloquitur:
638 2374 654 2399 “
665 2369 819 2446 Vigilasne,
832 2370 917 2429 deum
930 2389 1009 2447 gens,

160 2446 278 2506 AEneal
298 2447 394 2524 vigila,
408 2451 438 2505 et
450 2447 521 2507 velis
534 2449 660 2507 immitte
673 2450 816 2508 rudentes.

160 2526 224 2584 Nos
237 2546 335 2584 sumus
348 2527 437 2585 ldaeae
451 2548 528 2586 sacro
543 2529 577 2586 de
590 2529 696 2587 vertice
708 2529 801 2606 pinus,

160 2605 248 2664 Nunc
261 2606 355 2684 pelagi
368 2607 522 2684 Nymphae,
536 2608 630 2666 classis
643 2612 704 2665 tua.
745 2608 875 2665 Perfidus
889 2611 923 2666 ut
936 2628 989 2666 nos

160 2685 327 2762 Praecipites
340 2687 414 2744 ferro
427 2686 555 2745 Rutulus
568 2688 736 2762 flammaque
749 2687 904 2762 premebat,

160 2763 304 2842 Rupimus
317 2766 415 2824 invitae
427 2770 479 2825 tua
491 2767 612 2837 vincula,
625 2770 710 2843 teque
723 2786 773 2842 per
786 2787 881 2841 aequor

161 2844 329 2916 Quaerimus.
370 2845 456 2904 Hanc
470 2847 607 2905 Genetrix
620 2846 722 2904 faciem
735 2846 868 2903 miserata
880 2846 986 2918 refecit,

160 2924 204 2982 Et
217 2924 298 2983 dedit
311 2945 370 2984 esse
384 2925 458 2998 deas,
472 2946 618 3003 aevumque
631 2926 740 3003 agitare
753 2927 806 2984 sub
819 2925 912 2983 undis.

161 3004 204 3062 At
216 3024 287 3081 puer
299 3005 438 3063 Ascanius
452 3027 533 3064 muro
546 3007 683 3083 fossisque
696 3009 812 3064 tenetur

161 3082 232 3142 Tela
243 3084 320 3142 inter
332 3086 425 3144 media
437 3089 523 3162 atque
536 3087 683 3145 horrentes
696 3085 793 3143 Marte
807 3085 936 3143 Latinos.

161 3162 183 3220 J
184 3183 231 3221 am
244 3164 307 3223 loca
315 3165 396 3242 jussa
407 3169 509 3224 tenent
521 3167 590 3224 forti
602 3165 759 3242 permixtus
773 3165 897 3223 Etrusco

160 3243 251 3302 Arcas
264 3264 357 3320 eques.
398 3245 509 3303 Medias
521 3246 578 3303 illis
591 3265 731 3321 opponere
743 3248 863 3316 turmas,

161 3322 209 3381 Ne
223 3325 323 3382 castris
332 3324 465 3402 jungant,
480 3329 557 3383 certa
569 3329 614 3383 111
627 3324 770 3382 sententia
783 3324 889 3383 Turno.

162 3401 255 3480 Surge
269 3423 330 3480 age,
343 3408 373 3462 11
386 3405 497 3462 Aurora
510 3405 599 3463 socios
612 3404 744 3462 veniente
757 3405 852 3462 vocari

162 3480 277 3540 Primus
291 3483 320 3540 in
335 3503 413 3541 arma
420 3485 498 3561 jube,
512 3488 542 3541 et
555 3486 676 3562 clipeum
690 3504 766 3560 cape,
780 3504 865 3559 quem
878 3482 957 3541 dedit
969 3482 1029 3559 ipse

161 3559 311 3620 Invictum
323 3562 494 3640 ignipotens,
508 3567 593 3640 atque
607 3584 669 3621 cras
682 3564 784 3622 ambiit
798 3583 875 3621 auro.

163 3639 295 3700 Crastina
306 3642 364 3714 lux,
378 3663 442 3700 mea
454 3643 477 3700 si
490 3664 548 3701 non
561 3643 642 3701 irrita
655 3644 732 3701 dicta
744 3643 862 3720 putaris,

165 3720 304 3799 Ingentes
318 3721 437 3780 Rutulae
452 3723 591 3798 spectabit
605 3723 688 3780 caedis
702 3723 845 3780 acervos.”

165 3799 303 3859 Dixerat:
325 3805 355 3859 et
369 3802 468 3860 dextra
481 3802 625 3860 discedens
638 3802 753 3878 impulit
767 3802 863 3872 altam,

162 3878 253 3938 Haud
265 3881 366 3957 ignara
378 3882 463 3953 modi,
476 3882 603 3958 puppim.
645 3881 737 3960 Fugit
749 3881 800 3939 illa
810 3900 860 3960 per
873 3878 968 3938 undas

160 3958 244 4016 Ocior
254 3963 287 4016 11
289 3960 389 4037 jaculo
403 3965 434 4020 11
447 3967 550 4022 ventos
564 3967 701 4043 aequante
715 3962 837 4045 sagitta
