2446 4260
454 234 633 278 eucnemon
651 236 715 278 mr.
728 236 751 278 Ι.

155 371 225 446 Quam
237 374 340 448 Cereri,
353 378 434 435 torta
444 376 594 437 redimitus
607 381 737 457 tempora
750 400 863 458 quercu,

150 451 196 514 Det
207 459 300 514 motus
313 455 516 534 incompositos
530 461 560 516 et
574 459 699 518 carmina
711 460 796 518 dicat.

175 536 267 613 Atque
279 535 340 594 hac
353 539 388 594 ut
401 537 486 595 certis
495 538 635 614 possimus
649 539 754 598 discere
768 540 865 618 signis,

141 613 296 692 AEstusque,
308 615 483 694 pluviasque,
497 620 527 675 et
540 621 657 696 agentes
670 619 777 697 frigora
788 623 906 679 ventos:

138 692 199 772 lpse
213 695 300 753 Pater
312 696 426 768 statuit,
440 696 510 773 quid
521 701 669 756 menstrua
681 698 765 758 Luna
777 703 922 772 moneret;

135 774 195 846 Quo
209 775 291 852 signo
305 775 438 834 caderent
451 777 558 850 austri;
579 778 648 855 quid
661 799 733 856 sape
745 779 875 838 videntes

132 854 274 932 Agricolae
287 855 403 933 propius
416 857 536 915 stabulis
549 860 678 917 armenta
690 862 829 917 tenerent.

132 934 285 1005 Continuo,
299 935 393 994 ventis
407 937 598 1013 surgentibus,
612 941 663 996 aut
676 938 750 996 freta
761 939 844 1015 ponti

133 1013 282 1090 Incipiunt
295 1013 406 1092 agitata
418 1019 584 1089 tumescere,
598 1019 628 1075 et
641 1017 736 1075 aridus
749 1017 815 1076 altis

133 1094 285 1152 Montibus
299 1094 390 1152 audiri
402 1095 514 1173 fragor,
534 1099 585 1154 aut
597 1097 760 1155 resonantia
771 1097 857 1174 longe

133 1173 233 1232 Litora
245 1173 367 1246 misceri,
380 1177 411 1232 et
424 1195 572 1234 nemorum
583 1175 786 1236 increbrescere
798 1197 935 1235 murmur.

135 1253 155 1312 J
156 1274 201 1311 am
214 1253 271 1311 sibi
282 1256 348 1311 turn
361 1254 455 1312 curvis
468 1255 540 1314 male
553 1258 695 1334 temperat
707 1256 785 1314 unda
797 1257 907 1330 carinis,

136 1334 230 1405 Quum
244 1333 338 1392 medio
352 1334 455 1392 celeres
467 1335 596 1393 revolant
608 1355 643 1393 ex
658 1355 770 1413 aequore
783 1337 882 1414 mergi,

137 1413 351 1490 clamoremque
363 1413 460 1472 ferunt
474 1414 510 1472 ad
521 1414 623 1486 litora;
644 1435 787 1492 quumque
800 1416 917 1474 marinae

136 1493 172 1551 In
184 1494 260 1552 sicco
272 1493 379 1551 ludunt
392 1493 495 1564 fulicae,
508 1497 646 1571 notusque
659 1495 775 1571 paludes

137 1573 259 1645 Deserit,
274 1575 360 1650 atque
373 1573 463 1631 altam
476 1594 560 1650 supra
571 1575 651 1632 volat
664 1575 747 1633 ardea
760 1575 875 1634 nubem.

138 1653 214 1730 Saepe
228 1653 318 1711 etiam
330 1653 436 1724 stellas,
448 1657 535 1712 vento
548 1653 738 1730 impendente,
751 1654 860 1714 ridebis

138 1732 304 1810 Pracipites
317 1732 387 1791 coelo
399 1732 465 1805 labi,
478 1733 626 1810 noctisque
638 1753 689 1810 per
701 1734 833 1792 umbram

139 1812 332 1870 Flammarum
345 1812 447 1890 longos
459 1833 477 1870 a
488 1816 571 1890 tergo
584 1813 722 1871 albescere
735 1816 861 1886 tracum

140 1893 214 1970 Saepe
226 1892 321 1951 levem
332 1892 443 1970 paleam
455 1895 485 1950 et
498 1893 610 1952 frondes
622 1893 741 1951 volitare
754 1893 881 1965 caducas,

140 1973 198 2030 Aut
211 1992 325 2030 summa
337 1975 439 2030 nantes
452 1971 482 2029 in
496 1993 569 2049 aqua
580 1972 720 2031 colludere
732 1972 851 2049 plumas.

140 2053 178 2110 At
191 2052 295 2110 Boreae
310 2051 344 2110 de
356 2054 438 2129 parte
450 2053 539 2110 buois
552 2072 641 2130 quum
652 2051 795 2124 fulminat,
809 2056 839 2110 et
852 2071 940 2130 quum

140 2131 264 2210 Eurique
278 2131 456 2209 Zephyrique
468 2134 552 2190 tonat
565 2133 682 2190 domus:
703 2131 799 2190 omnia
810 2131 900 2209 plenis

141 2211 218 2270 Rura
230 2214 334 2270 natant
346 2211 438 2283 fossis,
451 2214 537 2288 atque
550 2210 642 2269 omnis
655 2211 754 2270 navita
766 2214 854 2288 ponto

141 2292 270 2350 Humida
282 2291 345 2349 vela
357 2291 439 2368 legit.
478 2290 636 2368 Nunquam
647 2290 876 2368 imprudentibus
888 2290 979 2349 imber

142 2372 249 2431 Obsuit.
289 2372 351 2428 Aut
364 2370 446 2428 illum
458 2375 623 2449 surgentem
634 2371 756 2429 vallibus
769 2370 834 2428 imis

141 2452 235 2510 leriae
249 2451 347 2527 fugere
360 2470 461 2528 grues3
482 2453 533 2508 aut
544 2450 648 2509 bucula
661 2450 765 2509 ooelum

143 2531 301 2608 suspiciens
313 2529 419 2608 patulis
432 2530 558 2606 captavit
571 2530 685 2588 naribus
699 2549 798 2601 auras;

142 2613 199 2670 Aut
214 2612 319 2688 arguta
330 2609 407 2668 lacus
420 2609 658 2668 circumvolitavit
671 2609 810 2680 hirundo;

142 2691 179 2751 Et
192 2693 321 2749 veterem
333 2689 364 2746 in
376 2689 445 2747 limo
458 2708 535 2747 ranae
548 2690 671 2748 cecinere
685 2688 836 2766 querelam.

143 2770 251 2848 Saepius
264 2773 295 2827 et
307 2769 393 2827 tectis
405 2769 596 2846 penetralibus
609 2768 714 2827 extulit
727 2788 780 2826 ova

143 2852 309 2928 Angustum
321 2848 439 2907 formica
451 2851 545 2907 terens
557 2848 630 2920 iter;
650 2851 680 2906 et
692 2848 766 2906 bibit
779 2847 880 2925 ingens

142 2930 248 3003 Arous3
270 2931 300 2988 et
313 2949 329 2986 e
340 2931 427 3006 pastu
439 2928 575 2986 decedens
588 2928 701 3005 agmine
714 2947 819 3004 magno

143 3009 299 3069 corvorum
310 3007 452 3085 increpuit
465 3007 558 3066 densis
571 3008 710 3066 exercitus
723 3007 784 3065 alis.

144 3089 160 3146 J
161 3111 209 3148 am
221 3088 315 3147 varias
327 3087 422 3165 pelagi
434 3087 569 3160 volucres,
583 3091 613 3145 et
626 3105 691 3164 quae
704 3086 774 3144 Asia
786 3085 892 3144 circum

144 3168 283 3228 Dulcibus
295 3168 327 3225 in
340 3167 449 3244 stagnis
462 3167 603 3225 rimantur
615 3170 698 3244 prata
711 3165 834 3244 Caystri,

145 3248 284 3308 (iertatim
297 3246 392 3325 largos
405 3246 530 3305 humeris
543 3247 691 3304 infundere
703 3265 788 3316 roreS,

144 3327 228 3386 Nunc
241 3329 329 3404 caput
342 3326 483 3404 objectare
495 3326 585 3398 fretis,
599 3345 675 3383 nunc
689 3345 799 3383 currere
811 3324 843 3382 in
855 3323 954 3395 undas,

144 3407 184 3466 Et
197 3407 294 3466 studio
307 3406 450 3464 incassum
461 3406 557 3464 videas
570 3406 675 3483 gestire
687 3404 809 3462 lavandi.

145 3486 217 3546 uun
231 3485 330 3545 cornix
342 3486 425 3563 plena
437 3484 562 3562 pluviam
574 3488 658 3544 vocat
670 3484 800 3561 improba
811 3503 888 3554 voce,

144 3565 185 3625 Et
197 3567 259 3626 sola
270 3566 302 3624 in
315 3566 390 3624 sicca
402 3585 498 3624 secum
511 3565 653 3643 spatiatur
665 3584 757 3622 arena.

145 3646 190 3707 Ne
201 3648 345 3705 nocturna
357 3645 472 3722 quidem
484 3649 630 3722 carpentes
643 3663 730 3722 pensa
742 3642 844 3721 puellae

145 3726 296 3785 Nescivere
308 3725 440 3797 hiemem,
454 3727 531 3784 testa
543 3745 631 3802 quum
644 3724 760 3782 ardente
773 3722 902 3779 viderent

146 3805 305 3864 Scintillare
318 3804 412 3863 oleum
425 3809 455 3863 et
468 3807 566 3882 putres
580 3823 755 3863 concrescere
768 3802 880 3877 fungos.

182 3884 247 3944 Nec
260 3885 355 3942 minus
367 3903 403 3942 ex
414 3884 500 3943 imbri
513 3884 585 3942 soles
597 3887 627 3942 et
641 3886 738 3960 aperta
751 3900 848 3939 serena

148 3964 310 4043 Prospicere
323 3965 354 4023 et
367 3964 452 4023 certis
464 3963 572 4042 poteris
585 3981 752 4040 cognoscere
765 3959 871 4037 signisz
