2370 4260
448 228 664 273 nnnmosnrn.
679 229 716 270 11.
995 216 1052 275 143

111 356 284 448 Suspensum
297 375 327 431 et
339 373 446 450 pariter
458 372 611 450 comitique
624 372 756 448 onerique
768 372 929 433 timentem.

118 437 237 528 Jamque
247 454 469 530 propinquabam
481 453 581 531 portis,
595 472 763 528 omnemque
775 453 890 512 videbar

119 516 244 590 Euaissa
255 532 345 590 vicem
356 557 364 605 3
383 532 478 591 subito
491 553 580 609 quum
593 533 687 590 creber
700 533 736 590 ad
749 552 829 591 aures

121 596 204 667 Visus
215 612 303 671 adesse
315 612 421 690 pedum
434 613 553 684 sonitus,
565 611 732 689 genitorque
744 632 795 688 per
806 614 937 671 umbram

125 677 294 767 Prospiciens,
309 692 356 750 ‘N
357 692 420 763 ate,’
436 692 583 762 exclamat,
597 692 687 768 ‘fuga
701 694 784 764 nate3
804 694 1010 772 propinquant;

129 762 252 829 Ardentes
265 771 368 849 clipeos
380 774 466 848 atque
479 792 534 830 aera
546 771 680 829 micantia
693 771 795 829 cerno)

130 838 184 906 Hic
193 851 254 908 inihi
266 852 360 909 nescio
374 851 450 929 quod
462 851 573 929 trepido
585 851 658 909 male
671 871 777 908 numen
790 851 914 910 amicum

133 921 264 988 Oonbusam
277 931 381 1008 eripuit
394 933 529 989 mentem.
568 930 701 1007 Namque
714 930 777 988 avia
786 951 870 990 cursu

132 999 196 1066 Dum
207 1030 311 1087 sequor,
325 1013 355 1069 et
368 1014 438 1069 nota
451 1012 553 1069 excedo
566 1010 680 1087 regione
692 1009 811 1082 viarum,

132 1081 199 1146 Heu!
216 1090 317 1149 misero
330 1090 433 1167 conjux
444 1091 540 1149 fatone
553 1093 649 1166 erepta
662 1089 767 1148 Oreiisa

132 1163 256 1242 Substitit,
269 1170 410 1229 erravitne
423 1169 477 1242 via,
491 1190 540 1229 seu
552 1170 626 1227 lassa
636 1169 749 1241 resedit,

131 1241 274 1322 Incertum3
293 1269 346 1308 nec
359 1254 425 1327 post
438 1250 525 1308 oculis
538 1253 582 1308 est
595 1248 706 1307 reddita
717 1248 831 1308 nostris.

131 1322 181 1385 Nec
190 1329 263 1405 prius
277 1329 410 1387 amissam
422 1329 539 1407 respexi,
553 1328 714 1387 animumve
727 1329 831 1401 reflexi,

131 1404 205 1476 Qum
216 1409 362 1467 tumulum
374 1409 499 1485 antiquae
513 1408 621 1468 Cereris
634 1408 783 1486 sedemque
795 1410 933 1467 sacratam

131 1482 263 1547 Venimus:
283 1488 332 1547 hic
346 1490 458 1547 demum
472 1489 596 1547 collectis
609 1487 739 1546 omnibus
752 1508 809 1545 una

131 1561 229 1640 Dehit3
248 1571 278 1627 et
293 1568 418 1639 comites,
432 1572 595 1646 natumque,
608 1568 756 1645 virumque
768 1566 878 1626 fefellit.

133 1643 205 1715 Quem
216 1668 273 1706 non
286 1647 413 1707 incusavi
426 1668 521 1706 amens
534 1647 737 1724 hominumque
750 1645 944 1724 deorumque?

132 1723 180 1784 dut
190 1727 255 1804 quid
266 1727 298 1785 in
311 1747 407 1788 eversa
418 1728 479 1785 vidi
491 1727 629 1786 crudelius
642 1726 735 1786 urbe?

133 1802 274 1878 Ascanium,
287 1807 486 1885 Anchisenque
499 1811 619 1884 patrem,
633 1806 809 1884 Teucrosque
822 1807 938 1883 penates

135 1880 286 1946 (lemmendo
300 1887 390 1959 sociis,
404 1889 434 1946 et
447 1908 533 1946 curva
544 1887 617 1946 valle
630 1887 766 1958 recond03

135 1959 184 2038 Ipse
194 1967 291 2026 urbem
303 1969 409 2044 repeto,
423 1971 452 2026 et
466 1967 564 2044 cingor
576 1966 750 2044 fulgentibus
764 1967 858 2025 armis.

137 2039 184 2102 sue
195 2066 270 2104 casus
283 2066 418 2105 renovare
431 2067 536 2118 omnes,
550 2066 718 2124 omnemque
730 2047 834 2104 reverti

138 2117 178 2180 Per
187 2125 304 2204 lbojam,
318 2128 348 2185 et
360 2147 457 2184 rursus
470 2129 555 2204 caput
569 2127 708 2204 objectare
720 2125 839 2202 periclis.

140 2196 255 2282 Pmdpio
268 2226 365 2265 muros
378 2207 549 2284 obscuraque
561 2206 659 2264 limina
670 2207 772 2282 p01tee,

141 2276 184 2348 (lla
193 2305 317 2362 gressum
331 2287 494 2357 extuleram,
507 2289 603 2363 repeto
614 2310 621 2356 ;
641 2288 670 2343 et
683 2284 805 2362 vestigia
817 2286 892 2341 retro

142 2355 270 2424 Observata
283 2386 384 2442 sequor
395 2386 445 2444 per
457 2368 571 2424 noctem
585 2369 614 2424 et
626 2365 733 2423 lumine
745 2363 845 2421 lustro

141 2432 224 2502 Horror
235 2445 341 2522 ubique
354 2445 470 2517 animos,
485 2444 569 2502 simul
581 2444 642 2522 ipsa
654 2445 766 2503 silentia
778 2445 896 2501 terrent.

141 2511 192 2580 Inde
203 2525 325 2596 domum,
339 2525 363 2582 si
375 2525 448 2583 forte
460 2525 569 2602 pedem,
583 2525 607 2583 si
620 2525 692 2582 sorte
705 2524 827 2593 tulisset,

141 2591 176 2656 Me
186 2605 276 2663 refero.
317 2604 464 2663 Irruerant
477 2605 579 2676 Danai,
592 2607 622 2662 et
634 2607 745 2662 tectum
759 2622 842 2662 omne
854 2601 999 2659 tenebant.

141 2669 202 2740 Ilicet
212 2684 286 2761 ignis
299 2684 371 2743 edax
383 2704 494 2742 summa
506 2684 542 2742 ad
554 2684 669 2761 fastigia
681 2686 767 2742 vento

139 2747 262 2837 Volvitur3
283 2768 451 2841 exsuperant
464 2765 602 2835 fiammae3
622 2763 692 2821 furit
705 2766 793 2820 aesnn
806 2761 843 2819 ad
855 2780 945 2818 auras.

140 2827 248 2916 Procedo,
262 2847 292 2902 et
306 2844 414 2902 Priami
427 2844 504 2903 sedes
518 2863 664 2920 arcemque
676 2842 776 2900 reviso.

140 2906 170 2971 El
176 2919 226 2995 jam
239 2924 395 3001 porticibus
409 2923 503 2982 vacuis
517 2922 539 2980 J
539 2924 640 2980 unonis
653 2923 732 2999 asylo

140 2987 253 3061 landes
266 3003 334 3062 lecti
348 3003 470 3061 Phoenix
483 3005 513 3061 et
527 3003 604 3060 diruis
617 3003 715 3060 Ulixes

140 3065 243 3140 predam
256 3084 447 3141 asservabant.
487 3082 556 3140 Huc
569 3082 693 3158 undique
708 3081 793 3139 Troia
805 3099 875 3158 gaza

141 3144 242 3220 lucensis
255 3167 353 3240 erepta
366 3163 469 3241 adytis,
482 3182 639 3237 mensaque
653 3161 778 3232 deorum,

141 3225 299 3318 crateresque
312 3263 381 3301 auro
395 3242 484 3315 solidi,
497 3242 662 3318 captivaque
674 3241 762 3299 vestis

142 3305 295 3394 congeritur.
338 3322 424 3380 Pueri
437 3326 466 3380 et
478 3322 586 3399 pavida
598 3321 684 3398 longo
697 3320 793 3379 ordine
806 3321 911 3376 matres

142 3384 205 3456 Stant
215 3402 329 3461 circum.

144 3466 212 3536 Ausus
225 3483 292 3557 quin
306 3481 395 3540 etiam
407 3501 489 3540 voces
498 3481 606 3559 jactare
618 3499 668 3558 per
680 3479 820 3550 umbram,

144 3542 239 3630 Implevi
250 3562 371 3620 elamore
384 3562 453 3633 vias,
466 3564 636 3636 maestusque
649 3558 788 3617 Oreiisam

144 3622 316 3718 Nequdquam
328 3641 507 3718 ingeminans
519 3640 678 3717 iterumque
691 3639 849 3713 iterumque
863 3632 969 3693 vocavi.

146 3704 267 3792 Querens,
281 3724 312 3779 et
325 3721 411 3779 tectis
424 3721 502 3780 urbis
516 3720 576 3778 sine
588 3719 644 3778 fine
658 3718 772 3788 furenti,

146 3781 224 3856 Infelix
235 3801 416 3859 simulacrum
430 3803 515 3876 atque
527 3799 615 3876 ipsius
628 3799 730 3857 umbra
743 3796 856 3855 Creusa

146 3861 266 3935 lbamihi
274 3883 344 3936 ante
354 3879 457 3950 oculos,
472 3883 504 3938 et
514 3883 586 3940 nota
597 3880 692 3961 major
705 3880 813 3963 imago.

135 3939 248 4025 Obstupui,
261 3958 463 4035 stetenmtque
476 3981 578 4038 comae,
593 3968 626 4024 et
642 3985 701 4026 vox
715 3965 856 4029 faumbus
866 3961 970 4028 haesit.
