2446 4260
438 223 618 269 uuoufflcou
631 226 693 268 LIB.
708 224 759 267 111.

131 366 203 427 Illas
214 369 288 428 ducit
301 388 383 427 amor
395 370 476 428 trans
491 367 627 445 Gargara,
640 370 774 444 transque
784 370 934 428 sonantem

131 448 296 521 Ascanium
316 452 452 526 superant
464 450 586 518 montes,
600 450 631 506 et
643 447 762 507 fiumina
774 451 901 507 tranant.

133 527 332 605 Continuoque,
346 528 436 586 avidis
449 527 500 586 ubi
512 528 627 587 subdita
639 527 754 587 flamma
766 528 906 601 medullis,

133 605 206 666 Vere
216 610 312 687 magis,
326 609 393 686 quia
404 627 470 667 vere
484 608 559 666 calor
570 607 645 666 redit
658 607 778 679 ossibus,
791 608 848 666 illae

135 685 193 746 Ore
204 708 293 747 omnes
305 707 395 746 versae
404 687 435 745 in
448 687 604 766 zephyrum
617 689 696 745 stant
709 687 827 765 rupibus
840 687 914 760 altis,

136 764 344 846 Exceptantque
356 767 432 827 leves
445 787 544 840 auras3
564 770 594 826 et
608 785 681 844 saepe
695 767 756 826 sine
769 768 834 826 ullis

138 843 274 926 Conjugiis
285 852 374 907 vento
387 847 521 926 gravidae,
534 846 661 905 mirabile
675 847 763 918 dictu,

140 923 208 984 Sara
217 931 304 1005 peret
318 927 447 1006 scopulos
460 930 490 984 et
503 927 645 1004 depressas
659 927 798 986 convalles

141 1001 301 1085 Diffugiunt,
314 1029 382 1079 non,
396 996 482 1079 Idure,
496 1009 570 1079 tuos,
583 1026 674 1082 neque
687 1006 760 1065 Solis
774 1007 810 1064 ad
825 1009 915 1079 ortus,

143 1080 183 1140 In
192 1085 299 1146 Boream
313 1087 501 1162 Caurumque,
515 1089 566 1145 aut
578 1086 653 1144 unde
665 1086 835 1164 nigerrimus
849 1087 958 1144 Auster

144 1159 272 1240 Nascus,
285 1170 316 1226 et
328 1167 425 1245 pluvio
438 1167 591 1225 contristat
603 1166 708 1243 frigore
721 1166 832 1225 coelum.

145 1238 200 1302 Hic
208 1247 323 1319 demum,
336 1247 521 1324 hippomanes
533 1265 600 1305 vero
613 1245 689 1321 quod
701 1246 816 1304 nomine
829 1246 929 1304 dieunt

146 1317 268 1397 Putares,
281 1326 393 1386 lentum
406 1325 532 1384 destillat
545 1327 580 1384 ab
593 1325 710 1403 inguine
723 1325 810 1397 virus,

146 1395 334 1481 Hippomanes,
349 1405 424 1482 quod
437 1425 511 1483 saepe
524 1406 607 1464 malae
619 1406 713 1482 legere
726 1425 863 1478 novereoe,

146 1475 363 1562 Miscueruntque
375 1486 478 1544 herbas
492 1488 522 1544 et
534 1506 593 1544 non
605 1485 720 1543 innoxia
732 1487 825 1544 verba.

172 1560 227 1649 ‚Sed
237 1566 313 1644 fugis
325 1567 442 1638 interea,
454 1565 530 1643 fugit
543 1564 721 1642 irreparabile
734 1567 857 1642 tempus,

145 1633 249 1720 Suguls
260 1647 331 1704 dum
343 1646 420 1723 capti
433 1645 684 1704 circumvectamur
693 1664 796 1703 amore.

143 1711 204 1816 Hoc
212 1726 277 1784 satis
291 1726 443 1796 armentis3
463 1728 578 1802 superat
590 1745 654 1802 pars
667 1725 756 1782 altera
768 1743 851 1797 curae,

138 1788 844 1961 subu

136 1945 196 2018 Nec
207 1985 268 2024 sum
281 1965 370 2023 animi
383 1964 493 2036 dubius,
505 1964 599 2023 verbis
612 1984 645 2022 ea
653 1964 765 2022 vincere
777 1984 915 2041 magnum

135 2027 223 2102 Qum
235 2045 281 2116 sit,
292 2047 323 2103 et
336 2045 466 2122 angustis
478 2045 555 2102 hunc
569 2044 669 2103 addere
681 2043 765 2102 rebus
778 2044 924 2104 honorem.

131 2103 188 2176 Sed
199 2145 243 2183 me
256 2124 375 2183 Parnasi
388 2125 498 2184 deserta
509 2144 560 2201 per
572 2124 659 2182 ardua
670 2123 760 2181 dulcis

129 2179 240 2294 {lapsas
253 2224 348 2275 amor3
363 2205 448 2283 juvet
460 2204 501 2262 ire
510 2204 597 2282 jugis,
611 2223 666 2279 qua
678 2203 757 2262 nulla
769 2204 895 2280 priorum

133 2277 283 2342 'vastelium
296 2283 376 2342 molli
388 2284 545 2342 devertitur
558 2283 651 2342 orbita
663 2284 744 2342 clivo.

170 2356 264 2435 Nunc,
277 2364 436 2422 veneranda
449 2363 541 2435 Pales,
553 2383 658 2440 magno
671 2382 747 2420 nunc
761 2382 808 2420 ore
822 2362 989 2422 sonandum.

135 2421 274 2520 Incipiens
288 2443 407 2501 stabulis
420 2443 498 2501 edico
510 2443 541 2500 in
554 2442 686 2501 mollibus
699 2443 815 2500 herbam

136 2507 251 2600 Qrpere
264 2543 339 2594 oves,
352 2523 421 2580 dum
434 2542 501 2581 mox
512 2522 645 2580 frondosa
657 2521 802 2580 reducitur
814 2525 899 2580 aestss
912 2547 919 2594 ;

139 2584 174 2656 Ei
185 2602 277 2661 multa
290 2603 390 2660 duram
403 2601 508 2679 stipula
519 2602 681 2677 filicumque
694 2600 824 2678 maniplis

143 2670 261 2741 Sumere
275 2684 373 2741 subter
384 2681 514 2753 humum,
527 2681 666 2759 glaciesne
678 2681 782 2758 frigida
793 2681 880 2738 laedat

146 2752 220 2820 Molle
232 2782 328 2839 pecus,
342 2762 517 2838 scabiemque
530 2762 603 2820 ferat
615 2764 768 2837 turpesque
780 2761 927 2838 podagras.

145 2833 201 2900 Post
214 2843 283 2901 hinc
296 2842 437 2919 digressus
446 2841 532 2918 jubeo
544 2840 706 2900 frondentia
719 2840 809 2917 capris

142 2921 244 2980 Arbuta
256 2921 389 2992 sufficere,
403 2924 432 2980 et
445 2921 546 2979 fluvios
558 2922 682 2998 praebere
694 2922 836 2978 recentes:

140 2997 173 3059 ut
186 3002 298 3060 stabula
311 3021 327 3059 a
340 3001 433 3059 ventis
445 3001 563 3060 hiberno
577 3020 716 3078 opponere
729 3000 782 3058 soli

138 3079 316 3140 armedium
329 3101 462 3140 conversa
475 3080 558 3152 diem,
572 3100 661 3156 quum
676 3078 795 3157 frigidus
808 3078 876 3137 olim

137 3158 200 3218 Jam
211 3161 290 3218 cadit
302 3163 483 3236 extremoque
494 3161 598 3219 irrorat
610 3160 751 3236 Aquarius
765 3179 847 3217 anno.

135 3237 189 3298 Hae
202 3260 313 3316 quoque
325 3260 384 3298 non
397 3260 464 3298 cura
476 3241 557 3298 nobis
570 3240 673 3298 leviore
685 3239 817 3310 tuendae3

134 3319 193 3378 Nee
205 3321 300 3378 minor
312 3340 380 3377 usus
393 3320 464 3392 erit3
485 3319 612 3396 quamvis
625 3319 739 3376 Milesia
752 3338 856 3395 magno

134 3397 242 3458 Vellera
255 3402 404 3458 mutentur
417 3399 519 3477 Tyrios
532 3400 643 3458 incocta
655 3399 779 3457 rubores.

133 3477 253 3538 Densior
266 3479 334 3538 hine
347 3480 465 3550 suboles,
479 3479 546 3537 binc
558 3479 631 3555 largi
643 3478 724 3555 copia
738 3477 837 3535 lactis:

134 3558 224 3630 Quam
236 3559 329 3636 magis
343 3559 479 3618 exhausto
493 3558 665 3636 spumaverit
678 3558 763 3615 ubere
775 3556 898 3614 mulctra
909 3581 916 3627 ;

133 3636 213 3697 Laeta
225 3639 319 3716 magis
331 3639 433 3716 pressis
447 3639 603 3696 manabunt
616 3637 734 3695 flumina
746 3635 886 3694 mammis.

132 3716 192 3776 Nee
206 3718 301 3777 minus
314 3718 422 3777 interea
434 3719 534 3776 barbas
547 3718 701 3793 incanaque
714 3718 812 3774 menta

133 3795 268 3876 Cinyphii
279 3798 401 3857 tondent
416 3797 489 3855 hirei
502 3799 640 3873 saetasque
653 3798 798 3854 comentes

131 3875 224 3936 Usum
236 3878 268 3936 in
281 3880 448 3949 castronrm,
461 3880 491 3935 et
504 3876 613 3935 miseris
622 3875 761 3933 velamina
773 3872 877 3932 nautis.

130 3954 293 4017 Pascsmtur
305 3976 372 4016 vero
386 3956 470 4016 silvas
483 3959 513 4016 et
526 3975 637 4016 summa
654 3952 759 4033 Lyeaei,
