2446 4260
461 225 602 268 AENEIDOS
616 226 679 268 ΙιῙΒ.
693 227 750 269 XII.

133 368 201 445 Ipsa
214 367 300 440 subit,
314 367 500 445 manibusque
512 370 653 428 undantes
666 370 758 428 flectit
770 368 902 443 habenas,

133 447 245 506 Cuncta
257 468 366 526 gerens,
378 468 532 524 vocemque
546 451 576 508 et
589 470 690 526 corpus
703 452 733 508 et
747 470 824 508 arma
837 451 962 509 Metisci.

133 528 228 605 Nigra
240 528 320 586 velut
334 548 452 605 magnas
466 528 574 586 domini
588 550 676 606 quum
691 530 788 588 divitis
802 531 875 590 aedes

133 607 268 666 Pervolat
281 611 311 666 et
324 608 424 685 pennis
438 608 497 666 alta
510 609 583 667 atria
595 610 700 668 lustrat
713 610 846 680 hirundo,

133 687 243 746 Pabula
255 708 343 765 parva
354 688 460 764 legens,
474 688 603 766 nidisque
616 689 780 765 loquacibus
794 710 870 748 escas
883 714 889 760 ;

133 767 176 824 Et
189 788 264 825 nmrc
277 767 434 844 porticibus
447 768 552 839 vacuiS,
566 789 642 826 nunc
656 769 774 827 humide
787 770 893 827 circum
920 776 925 786 '

134 846 243 924 Stagna
256 850 357 905 sonat:
378 847 478 906 similis
491 848 599 906 medios
613 848 634 905 J
635 852 741 907 uturna
753 869 804 926 per
817 849 914 908 hostes

134 926 240 984 Fertur
253 927 342 1003 equis,
355 928 507 1004 rapidoque
520 928 618 986 volans
632 928 694 986 obit
708 930 804 987 omnia
814 950 898 987 curru
910 955 917 1002 3

134 1006 258 1082 Jamque
270 1006 318 1064 hic
331 1027 507 1084 germanum,
517 1007 633 1084 jamque
645 1008 694 1066 hie
708 1012 836 1068 ostentat
851 1013 1001 1082 ovantem,

135 1086 199 1144 Nee
213 1087 338 1144 conferre
353 1107 471 1144 manum
483 1087 610 1164 patitur;
631 1087 709 1145 volat
723 1089 786 1146 avia
799 1088 893 1166 longe.

134 1165 224 1223 Haud
237 1167 331 1224 minus
344 1166 449 1224 AEneas
462 1170 555 1224 tortos
568 1166 640 1242 legit
655 1167 754 1224 obvius
768 1168 858 1239 orbes,

134 1245 325 1322 Vestigatque
339 1246 443 1316 virum,
457 1250 487 1304 et
501 1246 619 1324 disjecta
631 1266 682 1323 per
695 1246 811 1324 agmina
824 1268 929 1326 magna

134 1325 212 1384 Voce
225 1329 317 1384 vocat.
359 1326 477 1397 Quoties
490 1326 586 1384 oculos
600 1326 720 1404 conjecit
733 1327 764 1384 in
777 1327 900 1399 hostem,

134 1405 343 1483 Alipedumque
357 1405 456 1483 fugam
469 1425 554 1464 cursu
567 1405 693 1464 tentavit
707 1426 861 1482 equorum3

135 1486 258 1544 Aversos
271 1485 358 1543 toties
372 1505 470 1543 currus
485 1485 506 1542 J
507 1489 612 1544 uturna
625 1486 749 1543 retorsit.

135 1564 212 1636 Heu,
227 1565 296 1641 quid
308 1563 400 1642 agat?
440 1565 527 1623 Vario
541 1566 732 1642 nequidquam
745 1565 867 1624 fluctuat
882 1571 964 1637 aestu,

135 1644 320 1721 Diversaeque
332 1648 437 1703 vocant
451 1645 579 1702 animum
592 1645 623 1702 in
637 1646 779 1703 contraria
792 1667 875 1704 curae.

135 1724 215 1781 Huic
229 1725 388 1801 Messapus,
402 1725 447 1782 uti
460 1725 532 1782 laeva
545 1725 602 1782 duo
616 1725 691 1783 forte
704 1726 822 1803 gerebat

135 1803 238 1875 Lenta,
251 1803 321 1862 levis
336 1824 428 1875 eursu,
441 1805 560 1881 praefixa
573 1804 689 1863 hastilia
701 1807 783 1876 forro,

136 1883 252 1956 Horum
265 1903 356 1941 unum
369 1888 447 1941 certo
464 1887 654 1960 contorquens
668 1885 768 1962 dirigit
781 1886 850 1943 ictu.

135 1963 273 2021 Substitit
287 1964 401 2034 AEneas,
415 1967 446 2022 et
463 1984 492 2022 se
506 1963 621 2040 collegit
634 1964 665 2021 in
679 1985 766 2036 arma,
1002 2031 1005 2039 Ι

137 2043 251 2121 Poplite
265 2043 430 2102 subsidens:
452 2043 562 2121 apicem
575 2047 673 2102 tamen
685 2045 774 2102 incita
787 2063 932 2101 summum

136 2123 233 2182 Hasta
245 2123 324 2195 tulit,
338 2144 517 2200 summasque
530 2124 773 2183 excussitvertice
787 2123 896 2182 cristas.

136 2202 213 2260 Tum
226 2223 292 2261 vero
306 2207 461 2281 assurgrmt
473 2203 538 2276 irae;
557 2203 721 2281 insidiisque
734 2204 878 2276 subactus,

136 2282 272 2341 Diversos
285 2283 335 2341 ubi
348 2284 437 2342 sensit
450 2304 536 2361 equos
549 2304 719 2360 currumque
733 2283 837 2354 referri,

138 2362 236 2421 Multa
248 2362 270 2419 J
271 2383 354 2421 ovem
367 2366 397 2421 et
410 2363 473 2421 laesi
486 2365 611 2422 testatur
624 2364 736 2422 foederis
751 2383 828 2434 aras3

138 2441 160 2498 J
161 2462 207 2499 am
219 2443 337 2501 tandem
350 2442 461 2500 invadit
474 2443 591 2512 medios,
605 2446 635 2501 et
649 2443 746 2501 Marte
760 2443 882 2501 secundo

138 2521 284 2580 Terribilis
298 2542 404 2580 saevam
416 2521 495 2579 nullo
509 2522 670 2580 discrimine
684 2523 793 2580 caedem

139 2600 273 2673 Suscitat,
286 2602 447 2677 irarumque
461 2621 558 2659 omnes
572 2601 693 2659 effundit
706 2601 839 2659 habenas.

179 2682 249 2752 Quis
262 2682 335 2739 mihi
348 2702 424 2739 nunc
437 2684 484 2739 tot
498 2681 597 2739 acerba
610 2680 687 2751 deus,
701 2681 764 2757 quis
778 2679 901 2738 carmine
914 2681 1003 2738 caedes

138 2760 282 2833 Diversae,
296 2762 463 2838 obitumque
476 2761 590 2831 ducum,
604 2780 674 2836 quos
690 2779 802 2836 aequore
815 2762 880 2817 toto

139 2839 232 2917 Inque
245 2841 336 2899 vicem
348 2861 426 2899 nunc
439 2842 553 2898 Turnus
567 2840 637 2918 agit,
650 2861 726 2898 nunc
739 2840 843 2897 Troius
857 2839 948 2909 heros',

140 2918 305 2997 Expediet?
325 2921 438 2979 tanton‘
452 2921 560 2998 placuit
573 2939 737 2978 concurrere
750 2923 841 2991 motu,

139 2999 265 3077 Jupiter,
279 3003 384 3058 aeterna
396 3004 497 3078 gentes
510 3001 541 3058 in
554 3020 622 3077 pace
634 3000 762 3058 futuras!

138 3079 244 3138 AEneas
258 3079 402 3138 Rutulum
415 3081 642 3139 Sucronem—ea
653 3079 746 3157 prima
757 3080 872 3136 ruentes

139 3158 243 3237 Pugna
255 3160 318 3217 loco
331 3159 435 3217 statuit
449 3159 691 3219 Teucros—haud
703 3158 796 3216 multa
809 3162 938 3215 moratus

139 3239 257 3317 Excipit
270 3238 301 3296 in
313 3238 398 3309 latus,
413 3242 451 3310 et,
466 3259 521 3315 qua
533 3240 594 3298 fate
607 3239 759 3310 celerrima,
773 3237 892 3296 crudum

140 3318 323 3396 Transadigit
337 3321 429 3377 costas
444 3321 474 3376 et
488 3322 578 3377 crates
592 3319 713 3396 pectoris
728 3337 832 3377 ensem.

139 3398 255 3456 liunus
268 3419 340 3475 equo
354 3399 496 3477 dejectum
510 3400 662 3476 Amycum,
676 3398 850 3473 fratremque
863 3395 991 3467 Diorem,

139 3477 315 3556 Congressus
328 3478 422 3556 pedes,
435 3478 512 3536 hunc
525 3478 688 3536 venientem
702 3477 818 3554 cuspide
830 3476 925 3552 longa,

139 3558 230 3616 Hunc
243 3578 379 3616 mucrone
392 3558 475 3630 ferit3
496 3577 634 3634 curruque
648 3556 757 3615 abscisa
770 3557 891 3613 duorum

141 3638 297 3716 Suspendit
311 3639 413 3715 capita,
427 3642 456 3697 et
470 3638 596 3696 rorantia
609 3637 746 3714 sanguine
759 3638 865 3712 portat.

141 3717 195 3776 Ille
209 3719 301 3776 Talon
314 3718 489 3795 Tanaimque
502 3718 565 3776 neci
578 3717 737 3792 fortemque
751 3714 922 3791 Cethegum,

141 3798 212 3855 Tres
225 3818 284 3856 uno
297 3818 458 3874 congressu,
472 3801 502 3856 et
515 3800 649 3855 maestum
663 3795 758 3853 mittit
772 3796 900 3871 Onyten,

142 3877 257 3936 Nomen
271 3876 452 3949 Echionium,
466 3877 625 3956 matrisque
639 3897 732 3956 genus
743 3874 875 3935 Peridiae
887 3898 899 3946 ·,

132 3955 194 4013 Hic
204 3957 308 4014 batres
321 3956 414 4034 Lycia
426 3958 532 4020 missos
548 3963 578 4020 et
593 3960 745 4042 Apollinis
760 3957 856 4039 aguis,
957 4048 960 4053 1
