2370 4260
130 205 188 264 144
431 216 459 258 P.
473 214 615 259 mann
627 216 780 262 maome.

129 362 205 421 Tum
218 360 258 420 sic
271 359 359 432 affari,
372 361 402 418 ei
416 379 497 418 curas
510 358 555 418 his
568 360 680 420 demere
693 360 795 423 dietis:

130 441 222 515 ‘Quid
234 444 350 500 tantum
362 438 461 498 insano
470 439 554 516 juvat
566 439 714 518 indulgere
727 442 828 516 dolori,

130 521 155 581 0
168 521 258 580 duleis
271 518 397 598 conjux?
416 538 475 577 non
488 519 549 578 haee
563 519 623 578 sine
636 521 753 581 numine
766 523 867 581 divum

128 601 292 660 Eveniunt:
313 620 364 658 nec
377 602 407 657 ie
423 598 517 676 [hine]
533 599 669 658 comitem
682 605 827 679 asporiare
841 602 969 662 Oreiisam

129 681 195 754 Fas,
209 684 260 739 aui
273 680 320 738 iile
334 679 404 738 sinit
418 678 511 756 superi
524 683 659 756 regnator
672 680 798 759 Olympi.

128 760 231 838 Longa
242 760 298 819 eibi
310 758 415 829 exsilia,
429 760 459 816 et
472 761 586 817 vastum
599 759 684 818 maris
699 780 797 838 sequor
810 763 955 821 arandum.

129 841 171 899 Et
183 844 290 899 terram
303 838 472 915 Hesperiam
484 838 588 911 venies,
601 839 652 898 ubi
664 840 773 918 Lydius
787 862 856 901 arva

129 920 212 979 Inter
225 920 320 997 opima
331 919 426 976 virum
438 917 496 976 leni
508 917 573 977 fluis
586 919 700 995 agmine
713 920 847 999 Thybris.

129 999 194 1059 Illic
207 1020 251 1058 res
264 999 351 1070 lete,
364 1017 548 1075 regnumque,
561 1001 591 1057 ei
604 999 683 1077 regia
695 1001 798 1079 conjux

130 1080 219 1138 Paria
231 1079 301 1149 iibi3
320 1078 449 1136 lacrimas
463 1077 571 1136 dilectae
584 1079 656 1155 pelle
669 1078 789 1139 Ore‘usae.

129 1160 200 1218 Non
212 1179 265 1237 ego
278 1157 496 1235 Myrmidonum
509 1157 587 1216 sedes
600 1158 779 1236 Dolopumve
792 1163 926 1238 superbas

130 1239 284 1316 Aspiciam,
297 1241 348 1296 aui
362 1237 454 1295 Graiis
469 1237 606 1295 servitum
618 1239 758 1299 mairibus
770 1240 827 1316 ibo,

129 1319 278 1389 Dardanis,
292 1320 321 1375 ei
335 1318 408 1375 divae
423 1316 541 1375 Veneris
554 1337 658 1376 nurus:

129 1399 185 1457 Sed
197 1418 243 1457 me
256 1418 360 1475 magna
373 1397 458 1455 deum
471 1396 602 1474 geneirix
614 1397 659 1455 his
673 1398 784 1458 detinet
798 1399 864 1460 oris.

128 1478 251 1556 Jamque
263 1478 333 1549 vale,
347 1480 377 1535 et
390 1477 452 1534 nati
465 1496 545 1534 serve
558 1478 714 1536 communis
728 1481 874 1540 amorem!

128 1559 204 1617 Haee
217 1558 266 1616 ubi
280 1557 357 1616 dieta
369 1556 457 1627 dedii,
469 1556 673 1629 lacrimantem,
687 1561 717 1616 ei
729 1559 824 1619 multa
835 1560 969 1621 volenter

128 1638 238 1710 Dicere,
252 1637 383 1709 deseruit,
396 1640 550 1712 tenuesque
563 1637 678 1695 recessii
690 1637 721 1695 in
734 1658 825 1699 auras.

128 1718 184 1776 Ter
197 1721 314 1778 conatus
327 1717 368 1775 ibi
381 1716 453 1776 eollo
467 1716 532 1774 dare
544 1716 660 1775 brachie
673 1717 796 1790 eircum;

128 1797 184 1856 Ter
197 1799 302 1856 frustra
315 1816 479 1873 comprensa
491 1816 591 1854 manus
606 1797 707 1874 effugii
720 1797 825 1877 imago,

128 1877 185 1936 Par
197 1878 305 1937 levibus
318 1876 420 1948 ventis,
433 1875 595 1953 volucrique
608 1877 751 1936 simillima
764 1899 872 1938 somne.

128 1957 174 2017 Sic
188 1958 302 2016 demum
315 1957 404 2015 socios
417 1959 566 2014 consumta
578 1959 662 2015 nocie
675 1957 774 2016 revise.

167 2043 183 2069 “
191 2039 288 2115 Atque
301 2036 348 2094 hie
361 2036 508 2114 ingentem
521 2036 659 2095 comitum
671 2038 810 2096 affluxisse
823 2059 963 2098 novorum

127 2117 247 2177 Invenio
260 2116 400 2175 admirans
414 2135 572 2187 numerum,
586 2119 754 2192 matresque,
767 2117 907 2195 virosque,

128 2196 282 2255 Oolleeiam
296 2196 391 2254 exsilio
405 2196 517 2273 pubem,
531 2195 688 2254 miserabile
701 2197 813 2274 vulgus.

126 2276 260 2353 Undique
274 2296 435 2346 convenere,
450 2275 550 2333 animis
564 2276 718 2352 opibusque
730 2277 832 2353 parati,

127 2356 164 2413 In
178 2376 366 2433 quascumque
379 2356 464 2414 velim
477 2355 577 2432 pelago
591 2356 725 2414 deducere
739 2359 837 2415 terras.

127 2435 249 2512 Jamque
258 2436 336 2514 jugis
350 2453 470 2493 summae
484 2436 618 2512 surgebai
633 2435 747 2494 Lucifer
761 2436 831 2508 Idae,

126 2515 311 2592 Ducebaique
325 2515 416 2586 diem;
436 2514 585 2591 Danaique
599 2516 712 2574 obsessa
724 2516 861 2574 tenebani

126 2594 241 2653 Limina
252 2597 415 2671 pomarum
435 2614 486 2653 nee
500 2615 563 2671 spes
577 2595 637 2671 opis
651 2595 710 2653 ulla
723 2596 851 2654 dabatur.

127 2673 214 2748 Cessi,
224 2678 253 2733 ei
267 2676 378 2734 sublato
391 2678 520 2734 montem
533 2675 660 2752 genitore
674 2675 792 2751 petivi.”
