2446 4260
388 223 569 268 eucnemon
582 224 645 266 11113.
659 225 710 267 111.

110 356 245 443 compone,
258 368 404 443 ruuntque
417 367 499 426 effirsi
511 386 620 427 carcere
633 387 740 439 currus,

109 437 175 510 Quum
185 466 245 524 spes
258 449 377 505 arrectae
386 447 533 524 juvenum,
548 447 774 522 exsultantiaque
787 446 884 504 haurit

107 516 172 583 Corda
180 547 266 603 pavor
278 527 413 604 pulsens3
432 527 474 584 illi
485 527 598 586 instant
610 528 725 585 verbere
738 530 825 599 terto,

104 594 132 658 Et
140 605 211 682 proni
223 606 295 664 dant
307 606 385 679 lora;
403 606 522 666 volatui
535 606 659 665 fervidus
673 606 749 677 axis3

101 674 197 761 Jamque
210 685 342 758 humiles,
351 686 468 763 jamque
481 687 549 745 elati
562 686 682 745 sublime
694 686 829 744 videntur

97 756 156 822 Atra
165 786 213 842 per
224 786 347 824 vacuum
359 766 435 838 ferri,
448 769 534 842 atque
547 785 692 842 assurgere
705 766 736 822 in
749 785 847 837 auras3

93 832 143 902 Nec
153 865 239 918 mora,
251 865 304 904 nee
316 846 427 922 requies
437 870 444 918 ;
465 848 495 903 at
508 846 595 904 fulvae
607 845 722 904 nimbus
736 865 827 904 arenae

91 912 214 997 Tollitur3
233 924 406 984 humescunt
419 925 526 1002 spumis
539 925 665 1001 flatuque
679 930 866 1000 sequentum:

88 992 186 1062 Tantus
199 1025 279 1063 amor
290 1004 416 1077 laudum,
429 1008 521 1063 tantae
534 1009 578 1063 est
590 1005 710 1063 victoria
723 1024 806 1062 curae.

83 1070 189 1141 Primus
201 1084 410 1143 Erichthonius
423 1105 521 1143 currus
534 1088 565 1142 et
578 1088 700 1160 quatuor
712 1105 796 1142 ausus

81 1153 102 1210 J
101 1180 203 1240 ungere
215 1184 311 1240 equos,
323 1165 492 1241 rapidusque
504 1164 576 1222 rotis
588 1164 718 1222 insistere
726 1165 827 1223 victor.

78 1232 171 1301 Frena
182 1243 360 1303 Pelethronii
370 1244 503 1322 Lapithae
516 1264 656 1322 gyrosque
670 1244 770 1302 dedere

75 1311 210 1400 Impositi
223 1323 315 1396 dorso,
329 1326 414 1400 atque
427 1324 553 1400 equitem
565 1324 684 1382 docuere
697 1325 750 1382 sub
763 1323 849 1381 armis

72 1391 221 1461 Insultare
234 1403 303 1475 solo,
316 1406 346 1462 et
360 1424 472 1481 gressus
485 1404 641 1481 glomerare
654 1405 797 1480 superbos.

70 1475 188 1558 AEquus
201 1486 321 1560 uterque
333 1483 430 1555 labor3
450 1503 529 1559 aeque
538 1483 729 1560 juvenemque
741 1482 874 1560 magistri

66 1551 242 1639 Exquirunt
255 1563 432 1640 calidumque
445 1563 546 1621 animis
560 1566 590 1621 et
603 1563 731 1621 cursibus
744 1582 854 1634 acrem3

67 1636 214 1710 Quamvis
228 1662 302 1720 saepe
314 1643 383 1720 fuga
395 1663 490 1701 versos
503 1643 552 1701 ille
565 1643 656 1720 egerit
670 1643 776 1713 hostes,

62 1712 121 1779 Et
132 1722 256 1799 patriam
268 1722 390 1799 Epirum
402 1723 505 1781 referat
518 1723 660 1799 fortesque
673 1722 820 1799 Mycenas,

59 1792 264 1878 Neptunique
276 1802 339 1879 ipsa
351 1802 472 1861 deducat
486 1802 594 1879 origine
607 1805 732 1880 gentem.

118 1880 175 1939 His
185 1882 387 1940 animadversis
399 1882 510 1940 instant
523 1883 576 1940 sub
589 1885 711 1959 tempus,
725 1884 755 1940 et
769 1899 866 1939 omnes

55 1950 257 2038 Impendunt
269 1982 350 2020 ouras
362 1962 449 2020 denso
462 1962 621 2021 distendere
633 1961 743 2039 pingui,

57 2033 172 2110 Quem
183 2041 276 2119 legere
289 2041 398 2114 ducem,
412 2044 442 2100 et
454 2041 548 2118 pecori
560 2041 654 2100 dixere
666 2041 819 2112 maritum3

53 2107 279 2198 Pubentesque
291 2124 389 2180 secant
400 2120 510 2194 herbas,
522 2121 678 2198 fluviosque
689 2120 863 2179 ministrent.

54 2185 232 2276 Fereque,
244 2221 281 2260 ne
293 2201 398 2260 blando
410 2204 532 2277 nequeat
546 2221 688 2278 superesse
700 2201 798 2272 labori,

56 2265 259 2356 Invalidique
270 2284 386 2358 patrum
398 2281 521 2340 referant
529 2281 637 2359 jejunia
648 2281 719 2343 nati.

57 2343 150 2434 Ipsa
162 2363 258 2418 autem
270 2361 360 2419 macie
372 2363 493 2419 tenuant
507 2365 635 2419 armenta
647 2362 783 2432 volentes,

57 2434 187 2514 Atque,
200 2440 250 2499 ubi
263 2440 429 2499 concubitus
441 2441 547 2518 primos
556 2441 618 2518 jam
631 2445 701 2498 nota
713 2441 844 2516 voluptas

61 2507 231 2591 Sollicitat,
244 2520 411 2596 frondesque
423 2523 531 2597 negant
544 2523 573 2578 et
586 2521 713 2579 sontibus
726 2523 832 2579 arcent.

63 2589 162 2676 Saepe
175 2599 262 2658 etiam
275 2620 359 2658 eursu
372 2600 514 2677 quatiunt,
528 2603 558 2658 et
571 2600 628 2658 sole
641 2600 773 2676 fatigant,

69 2677 178 2750 Quum
191 2679 317 2757 graviter
329 2680 422 2738 tunsis
435 2680 526 2758 gemit
539 2700 603 2738 area
615 2680 753 2756 frugibus,
767 2684 797 2737 et
811 2700 899 2756 quum

71 2753 254 2836 Surgentem
267 2759 304 2818 ad
316 2759 473 2837 zephyrum
485 2759 573 2836 paleae
582 2759 731 2836 jactantur
743 2760 848 2818 inanes.

73 2830 150 2897 Hoc
162 2839 280 2910 faciunt,
294 2839 384 2897 nimio
397 2859 432 2897 ne
445 2839 516 2897 luxu
529 2839 657 2898 obtusior
670 2859 738 2896 usus

80 2917 129 2975 Sit
142 2919 261 2995 genitali
273 2939 349 2990 arvo,
364 2922 393 2977 et
407 2918 498 2977 sulcos
512 2918 630 2978 oblimet
643 2918 749 2977 inerte
760 2944 767 2990 3

82 2997 139 3056 Sed
152 2998 245 3076 rapiat
259 2997 359 3056 sitiens
372 2992 520 3070 Venerem,
533 2998 708 3075 interiusque
721 2997 865 3056 recondat.

123 3077 236 3136 Rursus
250 3097 317 3136 eura
330 3081 445 3155 patrum
459 3078 565 3150 cadere,
579 3081 609 3137 et
623 3078 771 3136 succedere
783 3081 910 3135 metrum

86 3155 201 3234 Incipit.
241 3157 360 3216 Exactis
373 3158 499 3235 gravidae
512 3178 601 3235 quum
613 3157 758 3215 mensibus
772 3162 876 3228 errant,
907 3194 909 3197 -

88 3237 154 3296 Non
166 3237 230 3295 illas
243 3237 378 3315 gravibus
392 3237 542 3314 quisquam
550 3237 623 3314 juga
636 3237 737 3295 ducere
749 3237 893 3313 plaustris,

89 3316 154 3375 Non
167 3317 242 3376 saltu
257 3336 389 3393 superare
401 3317 478 3375 viam
491 3317 530 3374 sit
543 3336 650 3393 passus,
664 3319 694 3374 et
708 3316 765 3374 acri

90 3395 207 3474 Carpere
220 3400 304 3474 prata
316 3397 393 3474 fuga,
406 3396 563 3473 fluviosque
576 3395 674 3453 innare
687 3415 817 3472 rapaces:

90 3474 212 3535 Saltibus
225 3477 257 3534 iu
270 3477 366 3534 vacuis
379 3479 505 3553 pascant,
519 3479 549 3534 et
562 3476 646 3552 plena
659 3475 815 3533 secundum

90 3555 228 3629 Flumina,
242 3576 356 3614 muscus
369 3556 420 3615 ubi
432 3559 462 3614 et
474 3555 645 3613 viridissima
658 3555 785 3631 gramine
798 3554 867 3631 ripa,

90 3634 290 3712 speluncaeque
302 3637 413 3712 tegant,
427 3639 457 3695 et
470 3655 553 3693 saxea
565 3635 702 3711 procubet
716 3635 825 3692 umbra.

90 3714 143 3774 Est
155 3715 236 3774 lucos
249 3715 334 3773 Silari
346 3714 419 3773 eirca
430 3715 597 3791 ilicibusque
609 3714 750 3772 virentem

90 3794 233 3854 Plurimus
246 3795 409 3853 Alburnum
421 3795 553 3865 volitans,
568 3793 614 3852 cui
627 3813 731 3851 nomen
744 3791 813 3850 asilo

88 3874 252 3935 Romanum
265 3877 319 3946 est,
333 3877 453 3932 oestrum
467 3873 547 3931 Graii
559 3876 669 3932 vertere
682 3874 833 3941 vocantes;

87 3955 187 4035 Asper,
200 3955 303 4016 acerba
314 3974 433 4028 sonans3
453 3973 509 4032 quo
522 3955 587 4012 tota
599 3951 735 4011 exterrita
748 3950 825 4008 silvis
