<?xml version="1.0" encoding="UTF-8"?>
<!DOCTYPE html PUBLIC "-//W3C//DTD XHTML 1.0 Transitional//EN"
    "http://www.w3.org/TR/xhtml1/DTD/xhtml1-transitional.dtd">
<html xmlns="http://www.w3.org/1999/xhtml" xml:lang="en" lang="en">
 <head>
  <title>
</title>
<meta http-equiv="Content-Type" content="text/html;charset=utf-8" />
  <meta name='ocr-system' content='tesseract 3.04.00' />
  <meta name='ocr-capabilities' content='ocr_page ocr_carea ocr_par ocr_line ocrx_word'/>
</head>
<body>
  <div class='ocr_page' id='page_1' title='image "./worksfromtexthe00virggoog_0139.png"; bbox 0 0 2446 4260; ppageno 0'>
   <div class='ocr_carea' id='block_1_1' title="bbox 154 212 792 273">
    <p class='ocr_par' dir='ltr' id='par_1_1' title="bbox 154 212 792 273">
     <span class='ocr_line' id='line_1_1' title="bbox 154 212 792 273; baseline 0.002 -3"><span class='ocrx_word' id='word_1_1' title='bbox 154 212 213 273; x_wconf 79' lang='lat'><strong>104</strong></span> <span class='ocrx_word' id='word_1_2' title='bbox 456 226 637 270; x_wconf 77' lang='lat' dir='ltr'><strong>nvrnernn</strong></span> <span class='ocrx_word' id='word_1_3' title='bbox 650 225 792 272; x_wconf 77' lang='lat' dir='ltr'><strong>mnorrs</strong></span> 
     </span>
    </p>
   </div>
   <div class='ocr_carea' id='block_1_2' title="bbox 124 368 1023 4036">
    <p class='ocr_par' dir='ltr' id='par_1_2' title="bbox 155 368 905 449">
     <span class='ocr_line' id='line_1_2' title="bbox 155 368 905 449; baseline 0.003 -22"><span class='ocrx_word' id='word_1_4' title='bbox 155 368 287 446; x_wconf 77' lang='lat' dir='ltr'><strong>Contigit</strong></span> <span class='ocrx_word' id='word_1_5' title='bbox 299 370 447 447; x_wconf 84' lang='lat' dir='ltr'><strong>oppetere!</strong></span> <span class='ocrx_word' id='word_1_6' title='bbox 468 391 485 429; x_wconf 94' lang='lat' dir='ltr'><strong>c</strong></span> <span class='ocrx_word' id='word_1_7' title='bbox 498 369 632 429; x_wconf 86' lang='lat' dir='ltr'><strong>Danaum</strong></span> <span class='ocrx_word' id='word_1_8' title='bbox 643 370 797 429; x_wconf 80' lang='lat' dir='ltr'><strong>fortissime</strong></span> <span class='ocrx_word' id='word_1_9' title='bbox 810 371 905 449; x_wconf 89' lang='lat' dir='ltr'><strong>gentis</strong></span> 
     </span>
    </p>

    <p class='ocr_par' dir='ltr' id='par_1_3' title="bbox 155 449 775 528">
     <span class='ocr_line' id='line_1_3' title="bbox 155 449 775 528; baseline 0.003 -22"><span class='ocrx_word' id='word_1_10' title='bbox 155 449 275 528; x_wconf 81' lang='lat' dir='ltr'>Tydide,</span> <span class='ocrx_word' id='word_1_11' title='bbox 287 469 370 508; x_wconf 89' lang='lat' dir='ltr'><strong>mene</strong></span> <span class='ocrx_word' id='word_1_12' title='bbox 382 449 477 509; x_wconf 88' lang='lat' dir='ltr'><strong>Iliacis</strong></span> <span class='ocrx_word' id='word_1_13' title='bbox 490 451 655 510; x_wconf 91' lang='lat' dir='ltr'><strong>occumbere</strong></span> <span class='ocrx_word' id='word_1_14' title='bbox 668 450 775 527; x_wconf 89' lang='lat' dir='ltr'><strong>campis</strong></span> 
     </span>
    </p>

    <p class='ocr_par' dir='ltr' id='par_1_4' title="bbox 155 528 1000 608">
     <span class='ocr_line' id='line_1_4' title="bbox 155 528 1000 608; baseline 0.001 -21"><span class='ocrx_word' id='word_1_15' title='bbox 155 529 224 588; x_wconf 90' lang='lat' dir='ltr'><strong>Non</strong></span> <span class='ocrx_word' id='word_1_16' title='bbox 237 528 371 606; x_wconf 88' lang='lat' dir='ltr'><strong>potuisse,</strong></span> <span class='ocrx_word' id='word_1_17' title='bbox 384 532 490 608; x_wconf 85' lang='lat' dir='ltr'><strong>tuaque</strong></span> <span class='ocrx_word' id='word_1_18' title='bbox 502 530 626 589; x_wconf 86' lang='lat' dir='ltr'><strong>animam</strong></span> <span class='ocrx_word' id='word_1_19' title='bbox 639 531 712 588; x_wconf 89' lang='lat' dir='ltr'><strong>hanc</strong></span> <span class='ocrx_word' id='word_1_20' title='bbox 726 530 869 589; x_wconf 86' lang='lat' dir='ltr'><strong>effundere</strong></span> <span class='ocrx_word' id='word_1_21' title='bbox 882 531 1000 590; x_wconf 80' lang='lat' dir='ltr'><strong>dextra!</strong></span> 
     </span>
    </p>

    <p class='ocr_par' dir='ltr' id='par_1_5' title="bbox 157 607 925 688">
     <span class='ocr_line' id='line_1_5' title="bbox 157 607 925 688; baseline 0.005 -22"><span class='ocrx_word' id='word_1_22' title='bbox 157 607 254 666; x_wconf 77' lang='lat' dir='ltr'><strong>Saevus</strong></span> <span class='ocrx_word' id='word_1_23' title='bbox 267 608 318 667; x_wconf 91' lang='lat' dir='ltr'><strong>ubi</strong></span> <span class='ocrx_word' id='word_1_24' title='bbox 330 609 456 668; x_wconf 78' lang='lat' dir='ltr'><strong>AEacidae</strong></span> <span class='ocrx_word' id='word_1_25' title='bbox 468 610 526 669; x_wconf 91' lang='lat' dir='ltr'><strong>telo</strong></span> <span class='ocrx_word' id='word_1_26' title='bbox 535 610 613 686; x_wconf 86' lang='lat' dir='ltr'><strong>jacet</strong></span> <span class='ocrx_word' id='word_1_27' title='bbox 626 610 746 682; x_wconf 89' lang='lat' dir='ltr'><strong>Hector,</strong></span> <span class='ocrx_word' id='word_1_28' title='bbox 760 610 810 668; x_wconf 93' lang='lat' dir='ltr'><strong>ubi</strong></span> <span class='ocrx_word' id='word_1_29' title='bbox 822 610 925 688; x_wconf 86' lang='lat' dir='ltr'><strong>ingens</strong></span> 
     </span>
    </p>

    <p class='ocr_par' dir='ltr' id='par_1_6' title="bbox 157 688 867 767">
     <span class='ocr_line' id='line_1_6' title="bbox 157 688 867 767; baseline 0.001 -20"><span class='ocrx_word' id='word_1_30' title='bbox 157 688 316 766; x_wconf 81' lang='lat' dir='ltr'><strong>Sarpedon3</strong></span> <span class='ocrx_word' id='word_1_31' title='bbox 336 689 386 747; x_wconf 93' lang='lat' dir='ltr'><strong>ubi</strong></span> <span class='ocrx_word' id='word_1_32' title='bbox 398 692 444 748; x_wconf 94' lang='lat' dir='ltr'><strong>tot</strong></span> <span class='ocrx_word' id='word_1_33' title='bbox 459 689 561 748; x_wconf 86' lang='lat' dir='ltr'><strong>Simois</strong></span> <span class='ocrx_word' id='word_1_34' title='bbox 575 694 704 767; x_wconf 89' lang='lat' dir='ltr'><strong>correpta</strong></span> <span class='ocrx_word' id='word_1_35' title='bbox 717 690 770 748; x_wconf 91' lang='lat' dir='ltr'><strong>sub</strong></span> <span class='ocrx_word' id='word_1_36' title='bbox 783 690 867 748; x_wconf 85' lang='lat' dir='ltr'><strong>undis</strong></span> 
     </span>
    </p>

    <p class='ocr_par' dir='ltr' id='par_1_7' title="bbox 157 767 916 927">
     <span class='ocr_line' id='line_1_7' title="bbox 157 767 916 847; baseline 0.003 -21"><span class='ocrx_word' id='word_1_37' title='bbox 157 768 246 827; x_wconf 85' lang='lat' dir='ltr'><strong>Scuta</strong></span> <span class='ocrx_word' id='word_1_38' title='bbox 257 767 350 826; x_wconf 89' lang='lat' dir='ltr'><strong>virum</strong></span> <span class='ocrx_word' id='word_1_39' title='bbox 363 768 511 847; x_wconf 76' lang='lat' dir='ltr'><strong>galeasque</strong></span> <span class='ocrx_word' id='word_1_40' title='bbox 524 773 554 828; x_wconf 91' lang='lat' dir='ltr'><strong>et</strong></span> <span class='ocrx_word' id='word_1_41' title='bbox 567 769 653 827; x_wconf 87' lang='lat' dir='ltr'><strong>sortia</strong></span> <span class='ocrx_word' id='word_1_42' title='bbox 666 789 782 846; x_wconf 88' lang='lat' dir='ltr'><strong>corpora</strong></span> <span class='ocrx_word' id='word_1_43' title='bbox 793 769 916 828; x_wconf 84' lang='lat' dir='ltr'><strong>volvit.’&#39;</strong></span> 
     </span>
     <span class='ocr_line' id='line_1_8' title="bbox 197 847 823 927; baseline 0 -21"><span class='ocrx_word' id='word_1_44' title='bbox 197 847 279 906; x_wconf 80' lang='lat' dir='ltr'><strong>Talia</strong></span> <span class='ocrx_word' id='word_1_45' title='bbox 285 847 409 925; x_wconf 81' lang='lat' dir='ltr'><strong>jactanti</strong></span> <span class='ocrx_word' id='word_1_46' title='bbox 423 849 544 908; x_wconf 88' lang='lat' dir='ltr'><strong>stridens</strong></span> <span class='ocrx_word' id='word_1_47' title='bbox 558 849 687 927; x_wconf 67' lang='lat' dir='ltr'><strong>aquilone</strong></span> <span class='ocrx_word' id='word_1_48' title='bbox 701 848 823 926; x_wconf 87' lang='lat' dir='ltr'><strong>procella</strong></span> 
     </span>
    </p>

    <p class='ocr_par' dir='ltr' id='par_1_8' title="bbox 156 927 901 1006">
     <span class='ocr_line' id='line_1_9' title="bbox 156 927 901 1006; baseline 0.001 -21"><span class='ocrx_word' id='word_1_49' title='bbox 156 927 261 986; x_wconf 90' lang='lat' dir='ltr'><strong>Velum</strong></span> <span class='ocrx_word' id='word_1_50' title='bbox 273 928 389 986; x_wconf 87' lang='lat' dir='ltr'><strong>adversa</strong></span> <span class='ocrx_word' id='word_1_51' title='bbox 401 928 475 1002; x_wconf 89' lang='lat' dir='ltr'><strong>ferit,</strong></span> <span class='ocrx_word' id='word_1_52' title='bbox 489 929 648 1006; x_wconf 85' lang='lat' dir='ltr'><strong>fluctusque</strong></span> <span class='ocrx_word' id='word_1_53' title='bbox 661 929 698 987; x_wconf 90' lang='lat' dir='ltr'><strong>ad</strong></span> <span class='ocrx_word' id='word_1_54' title='bbox 710 929 802 987; x_wconf 85' lang='lat' dir='ltr'><strong>sidera</strong></span> <span class='ocrx_word' id='word_1_55' title='bbox 813 927 901 987; x_wconf 90' lang='lat' dir='ltr'><strong>tollit.</strong></span> 
     </span>
    </p>

    <p class='ocr_par' dir='ltr' id='par_1_9' title="bbox 159 1007 892 1087">
     <span class='ocr_line' id='line_1_10' title="bbox 159 1007 892 1087; baseline 0.003 -22"><span class='ocrx_word' id='word_1_56' title='bbox 159 1007 345 1084; x_wconf 73' lang='lat' dir='ltr'><strong>Franguntur</strong></span> <span class='ocrx_word' id='word_1_57' title='bbox 357 1008 445 1080; x_wconf 83' lang='lat' dir='ltr'><strong>remi3</strong></span> <span class='ocrx_word' id='word_1_58' title='bbox 464 1012 529 1067; x_wconf 90' lang='lat' dir='ltr'><strong>tum</strong></span> <span class='ocrx_word' id='word_1_59' title='bbox 542 1028 625 1087; x_wconf 87' lang='lat' dir='ltr'><strong>prora</strong></span> <span class='ocrx_word' id='word_1_60' title='bbox 637 1008 751 1080; x_wconf 84' lang='lat' dir='ltr'><strong>avertit,</strong></span> <span class='ocrx_word' id='word_1_61' title='bbox 765 1010 796 1066; x_wconf 91' lang='lat' dir='ltr'><strong>et</strong></span> <span class='ocrx_word' id='word_1_62' title='bbox 808 1008 892 1067; x_wconf 86' lang='lat' dir='ltr'><strong>undis</strong></span> 
     </span>
    </p>

    <p class='ocr_par' dir='ltr' id='par_1_10' title="bbox 157 1086 999 1165">
     <span class='ocr_line' id='line_1_11' title="bbox 157 1086 999 1165; baseline 0.001 -20"><span class='ocrx_word' id='word_1_63' title='bbox 157 1087 219 1146; x_wconf 89' lang='lat' dir='ltr'><strong>Dat</strong></span> <span class='ocrx_word' id='word_1_64' title='bbox 230 1086 323 1159; x_wconf 89' lang='lat' dir='ltr'><strong>latus;</strong></span> <span class='ocrx_word' id='word_1_65' title='bbox 342 1087 501 1165; x_wconf 73' lang='lat' dir='ltr'><strong>insequitur</strong></span> <span class='ocrx_word' id='word_1_66' title='bbox 513 1089 626 1147; x_wconf 89' lang='lat' dir='ltr'><strong>cumulo</strong></span> <span class='ocrx_word' id='word_1_67' title='bbox 639 1090 799 1165; x_wconf 80' lang='lat' dir='ltr'><strong>praeruptus</strong></span> <span class='ocrx_word' id='word_1_68' title='bbox 812 1107 894 1165; x_wconf 69' lang='lat' dir='ltr'><strong>aquae</strong></span> <span class='ocrx_word' id='word_1_69' title='bbox 906 1108 999 1147; x_wconf 89' lang='lat' dir='ltr'><strong>mons.</strong></span> 
     </span>
    </p>

    <p class='ocr_par' dir='ltr' id='par_1_11' title="bbox 157 1165 942 1245">
     <span class='ocr_line' id='line_1_12' title="bbox 157 1165 942 1245; baseline 0.003 -21"><span class='ocrx_word' id='word_1_70' title='bbox 157 1165 202 1224; x_wconf 88' lang='lat' dir='ltr'><strong>Hi</strong></span> <span class='ocrx_word' id='word_1_71' title='bbox 214 1187 326 1225; x_wconf 91' lang='lat' dir='ltr'><strong>summo</strong></span> <span class='ocrx_word' id='word_1_72' title='bbox 338 1168 369 1224; x_wconf 94' lang='lat' dir='ltr'><strong>in</strong></span> <span class='ocrx_word' id='word_1_73' title='bbox 381 1168 472 1227; x_wconf 89' lang='lat' dir='ltr'><strong>fluctu</strong></span> <span class='ocrx_word' id='word_1_74' title='bbox 484 1168 627 1245; x_wconf 83' lang='lat' dir='ltr'><strong>pendent3</strong></span> <span class='ocrx_word' id='word_1_75' title='bbox 646 1167 692 1226; x_wconf 91' lang='lat' dir='ltr'><strong>his</strong></span> <span class='ocrx_word' id='word_1_76' title='bbox 705 1168 782 1226; x_wconf 88' lang='lat' dir='ltr'><strong>unda</strong></span> <span class='ocrx_word' id='word_1_77' title='bbox 795 1167 942 1226; x_wconf 83' lang='lat' dir='ltr'><strong>dehiscens</strong></span> 
     </span>
    </p>

    <p class='ocr_par' dir='ltr' id='par_1_12' title="bbox 158 1246 904 1326">
     <span class='ocr_line' id='line_1_13' title="bbox 158 1246 904 1326; baseline 0.003 -23"><span class='ocrx_word' id='word_1_78' title='bbox 158 1246 276 1305; x_wconf 78' lang='lat' dir='ltr'><strong>Terram</strong></span> <span class='ocrx_word' id='word_1_79' title='bbox 287 1246 363 1306; x_wconf 90' lang='lat' dir='ltr'><strong>inter</strong></span> <span class='ocrx_word' id='word_1_80' title='bbox 375 1248 479 1306; x_wconf 88' lang='lat' dir='ltr'><strong>fluctus</strong></span> <span class='ocrx_word' id='word_1_81' title='bbox 492 1248 600 1326; x_wconf 87' lang='lat' dir='ltr'><strong>aperit:</strong></span> <span class='ocrx_word' id='word_1_82' title='bbox 620 1247 691 1306; x_wconf 69' lang='lat' dir='ltr'><strong>feriit</strong></span> <span class='ocrx_word' id='word_1_83' title='bbox 704 1250 791 1305; x_wconf 84' lang='lat' dir='ltr'><strong>aestus</strong></span> <span class='ocrx_word' id='word_1_84' title='bbox 804 1246 904 1306; x_wconf 87' lang='lat' dir='ltr'><strong>arenis.</strong></span> 
     </span>
    </p>

    <p class='ocr_par' dir='ltr' id='par_1_13' title="bbox 158 1325 869 1404">
     <span class='ocr_line' id='line_1_14' title="bbox 158 1325 869 1404; baseline 0.001 -19"><span class='ocrx_word' id='word_1_85' title='bbox 158 1325 229 1385; x_wconf 76' lang='lat' dir='ltr'><strong>&#39;l&#39;res</strong></span> <span class='ocrx_word' id='word_1_86' title='bbox 241 1329 327 1386; x_wconf 86' lang='lat' dir='ltr'><strong>notus</strong></span> <span class='ocrx_word' id='word_1_87' title='bbox 341 1328 406 1386; x_wconf 87' lang='lat' dir='ltr'><strong>abre</strong></span> <span class='ocrx_word' id='word_1_88' title='bbox 426 1330 471 1386; x_wconf 89' lang='lat' dir='ltr'><strong>tas</strong></span> <span class='ocrx_word' id='word_1_89' title='bbox 483 1328 514 1385; x_wconf 90' lang='lat' dir='ltr'><strong>in</strong></span> <span class='ocrx_word' id='word_1_90' title='bbox 528 1347 594 1385; x_wconf 85' lang='lat' dir='ltr'><strong>saxa</strong></span> <span class='ocrx_word' id='word_1_91' title='bbox 605 1327 726 1385; x_wconf 88' lang='lat' dir='ltr'><strong>latentia</strong></span> <span class='ocrx_word' id='word_1_92' title='bbox 737 1330 869 1404; x_wconf 91' lang='lat' dir='ltr'><strong>torquet:</strong></span> 
     </span>
    </p>

    <p class='ocr_par' dir='ltr' id='par_1_14' title="bbox 159 1405 933 1484">
     <span class='ocr_line' id='line_1_15' title="bbox 159 1405 933 1484; baseline 0.001 -20"><span class='ocrx_word' id='word_1_93' title='bbox 159 1405 233 1464; x_wconf 86' lang='lat' dir='ltr'><strong>Saxa</strong></span> <span class='ocrx_word' id='word_1_94' title='bbox 244 1409 348 1466; x_wconf 80' lang='lat' dir='ltr'><strong>vocant</strong></span> <span class='ocrx_word' id='word_1_95' title='bbox 361 1406 393 1465; x_wconf 93' lang='lat' dir='ltr'><strong>It</strong></span> <span class='ocrx_word' id='word_1_96' title='bbox 422 1407 439 1479; x_wconf 85' lang='lat'><strong>‘‚</strong></span> <span class='ocrx_word' id='word_1_97' title='bbox 454 1407 552 1466; x_wconf 89' lang='lat' dir='ltr'><strong>mediis</strong></span> <span class='ocrx_word' id='word_1_98' title='bbox 565 1426 630 1484; x_wconf 78' lang='lat' dir='ltr'><strong>quae</strong></span> <span class='ocrx_word' id='word_1_99' title='bbox 641 1406 672 1464; x_wconf 92' lang='lat' dir='ltr'><strong>in</strong></span> <span class='ocrx_word' id='word_1_100' title='bbox 685 1407 827 1479; x_wconf 91' lang='lat' dir='ltr'><strong>fluctibus,</strong></span> <span class='ocrx_word' id='word_1_101' title='bbox 841 1408 933 1478; x_wconf 82' lang='lat' dir='ltr'><strong>Aras3</strong></span> 
     </span>
    </p>

    <p class='ocr_par' dir='ltr' id='par_1_15' title="bbox 160 1485 983 1546">
     <span class='ocr_line' id='line_1_16' title="bbox 160 1485 983 1546; baseline 0.001 -2"><span class='ocrx_word' id='word_1_102' title='bbox 160 1485 287 1545; x_wconf 86' lang='lat' dir='ltr'><strong>Dorsum</strong></span> <span class='ocrx_word' id='word_1_103' title='bbox 298 1487 421 1546; x_wconf 88' lang='lat' dir='ltr'><strong>immane</strong></span> <span class='ocrx_word' id='word_1_104' title='bbox 434 1487 506 1546; x_wconf 89' lang='lat' dir='ltr'><strong>mari</strong></span> <span class='ocrx_word' id='word_1_105' title='bbox 519 1507 640 1545; x_wconf 90' lang='lat' dir='ltr'><strong>summo.</strong></span> <span class='ocrx_word' id='word_1_106' title='bbox 680 1487 750 1545; x_wconf 81' lang='lat' dir='ltr'><strong>Tres</strong></span> <span class='ocrx_word' id='word_1_107' title='bbox 764 1487 860 1544; x_wconf 82' lang='lat' dir='ltr'><strong>Eurus</strong></span> <span class='ocrx_word' id='word_1_108' title='bbox 873 1487 909 1545; x_wconf 83' lang='lat' dir='ltr'><strong>ab</strong></span> <span class='ocrx_word' id='word_1_109' title='bbox 923 1486 983 1545; x_wconf 88' lang='lat' dir='ltr'><strong>alto</strong></span> 
     </span>
    </p>

    <p class='ocr_par' dir='ltr' id='par_1_16' title="bbox 160 1564 815 1644">
     <span class='ocr_line' id='line_1_17' title="bbox 160 1564 815 1644; baseline 0.002 -21"><span class='ocrx_word' id='word_1_110' title='bbox 160 1564 198 1622; x_wconf 94' lang='lat' dir='ltr'><strong>In</strong></span> <span class='ocrx_word' id='word_1_111' title='bbox 210 1566 306 1624; x_wconf 85' lang='lat' dir='ltr'><strong>brevia</strong></span> <span class='ocrx_word' id='word_1_112' title='bbox 318 1570 349 1624; x_wconf 91' lang='lat' dir='ltr'><strong>et</strong></span> <span class='ocrx_word' id='word_1_113' title='bbox 361 1570 453 1644; x_wconf 79' lang='lat' dir='ltr'><strong>syrtes</strong></span> <span class='ocrx_word' id='word_1_114' title='bbox 466 1570 559 1644; x_wconf 87' lang='lat' dir='ltr'><strong>urget,</strong></span> <span class='ocrx_word' id='word_1_115' title='bbox 572 1566 731 1625; x_wconf 81' lang='lat' dir='ltr'><strong>miserabile</strong></span> <span class='ocrx_word' id='word_1_116' title='bbox 743 1565 815 1637; x_wconf 86' lang='lat' dir='ltr'><strong>visu,</strong></span> 
     </span>
    </p>

    <p class='ocr_par' dir='ltr' id='par_1_17' title="bbox 159 1643 832 1725">
     <span class='ocr_line' id='line_1_18' title="bbox 159 1643 832 1725; baseline 0.001 -23"><span class='ocrx_word' id='word_1_117' title='bbox 159 1643 307 1723; x_wconf 92' lang='lat' dir='ltr'><strong>Illiditque</strong></span> <span class='ocrx_word' id='word_1_118' title='bbox 320 1646 399 1705; x_wconf 89' lang='lat' dir='ltr'><strong>vadis</strong></span> <span class='ocrx_word' id='word_1_119' title='bbox 412 1650 498 1725; x_wconf 88' lang='lat' dir='ltr'><strong>atque</strong></span> <span class='ocrx_word' id='word_1_120' title='bbox 512 1667 614 1725; x_wconf 86' lang='lat' dir='ltr'><strong>aggere</strong></span> <span class='ocrx_word' id='word_1_121' title='bbox 628 1646 719 1723; x_wconf 89' lang='lat' dir='ltr'><strong>cingit</strong></span> <span class='ocrx_word' id='word_1_122' title='bbox 732 1665 832 1704; x_wconf 83' lang='lat' dir='ltr'><strong>arenoe.</strong></span> 
     </span>
    </p>

    <p class='ocr_par' dir='ltr' id='par_1_18' title="bbox 160 1724 901 1804">
     <span class='ocr_line' id='line_1_19' title="bbox 160 1724 901 1804; baseline 0.003 -22"><span class='ocrx_word' id='word_1_123' title='bbox 160 1724 265 1798; x_wconf 91' lang='lat' dir='ltr'><strong>Unam,</strong></span> <span class='ocrx_word' id='word_1_124' title='bbox 279 1745 342 1802; x_wconf 84' lang='lat' dir='ltr'><strong>quae</strong></span> <span class='ocrx_word' id='word_1_125' title='bbox 354 1725 458 1804; x_wconf 79' lang='lat' dir='ltr'><strong>Lycios</strong></span> <span class='ocrx_word' id='word_1_126' title='bbox 472 1727 616 1803; x_wconf 91' lang='lat' dir='ltr'><strong>fidumque</strong></span> <span class='ocrx_word' id='word_1_127' title='bbox 628 1727 750 1784; x_wconf 88' lang='lat' dir='ltr'><strong>vehebat</strong></span> <span class='ocrx_word' id='word_1_128' title='bbox 764 1725 901 1798; x_wconf 88' lang='lat' dir='ltr'><strong>Oronten,</strong></span> 
     </span>
    </p>

    <p class='ocr_par' dir='ltr' id='par_1_19' title="bbox 161 1802 999 1884">
     <span class='ocr_line' id='line_1_20' title="bbox 161 1802 999 1884; baseline 0.005 -23"><span class='ocrx_word' id='word_1_129' title='bbox 161 1802 256 1881; x_wconf 88' lang='lat' dir='ltr'><strong>Ipsius</strong></span> <span class='ocrx_word' id='word_1_130' title='bbox 269 1808 335 1864; x_wconf 87' lang='lat' dir='ltr'><strong>ante</strong></span> <span class='ocrx_word' id='word_1_131' title='bbox 348 1807 443 1864; x_wconf 87' lang='lat' dir='ltr'><strong>oculos</strong></span> <span class='ocrx_word' id='word_1_132' title='bbox 455 1806 556 1884; x_wconf 87' lang='lat' dir='ltr'><strong>ingens</strong></span> <span class='ocrx_word' id='word_1_133' title='bbox 570 1826 587 1864; x_wconf 89' lang='lat' dir='ltr'><strong>a</strong></span> <span class='ocrx_word' id='word_1_134' title='bbox 599 1806 704 1864; x_wconf 82' lang='lat' dir='ltr'><strong>vertice</strong></span> <span class='ocrx_word' id='word_1_135' title='bbox 717 1808 824 1882; x_wconf 86' lang='lat' dir='ltr'><strong>pontus</strong></span> <span class='ocrx_word' id='word_1_136' title='bbox 997 1814 999 1818; x_wconf 70' lang='lat'>‘</span> 
     </span>
    </p>

    <p class='ocr_par' dir='ltr' id='par_1_20' title="bbox 161 1883 912 1963">
     <span class='ocr_line' id='line_1_21' title="bbox 161 1883 912 1963; baseline 0.001 -22"><span class='ocrx_word' id='word_1_137' title='bbox 161 1883 200 1941; x_wconf 93' lang='lat' dir='ltr'><strong>In</strong></span> <span class='ocrx_word' id='word_1_138' title='bbox 213 1883 331 1963; x_wconf 90' lang='lat' dir='ltr'><strong>puppim</strong></span> <span class='ocrx_word' id='word_1_139' title='bbox 343 1885 425 1957; x_wconf 89' lang='lat' dir='ltr'><strong>ferit;</strong></span> <span class='ocrx_word' id='word_1_140' title='bbox 445 1887 590 1945; x_wconf 84' lang='lat' dir='ltr'><strong>excutitur</strong></span> <span class='ocrx_word' id='word_1_141' title='bbox 601 1904 762 1963; x_wconf 89' lang='lat' dir='ltr'><strong>pronusque</strong></span> <span class='ocrx_word' id='word_1_142' title='bbox 775 1885 912 1963; x_wconf 88' lang='lat' dir='ltr'><strong>magister</strong></span> 
     </span>
    </p>

    <p class='ocr_par' dir='ltr' id='par_1_21' title="bbox 160 1963 903 2043">
     <span class='ocr_line' id='line_1_22' title="bbox 160 1963 903 2043; baseline 0.003 -23"><span class='ocrx_word' id='word_1_143' title='bbox 160 1963 295 2023; x_wconf 76' lang='lat' dir='ltr'><strong>Volvitin</strong></span> <span class='ocrx_word' id='word_1_144' title='bbox 307 1963 338 2021; x_wconf 94' lang='lat' dir='ltr'><strong>in</strong></span> <span class='ocrx_word' id='word_1_145' title='bbox 351 1969 453 2043; x_wconf 83' lang='lat' dir='ltr'><strong>caput3</strong></span> <span class='ocrx_word' id='word_1_146' title='bbox 474 1968 519 2024; x_wconf 86' lang='lat' dir='ltr'><strong>ast</strong></span> <span class='ocrx_word' id='word_1_147' title='bbox 531 1966 610 2024; x_wconf 88' lang='lat' dir='ltr'><strong>illam</strong></span> <span class='ocrx_word' id='word_1_148' title='bbox 622 1969 667 2023; x_wconf 90' lang='lat' dir='ltr'><strong>ter</strong></span> <span class='ocrx_word' id='word_1_149' title='bbox 680 1965 784 2024; x_wconf 87' lang='lat' dir='ltr'><strong>fluctus</strong></span> <span class='ocrx_word' id='word_1_150' title='bbox 797 1965 903 2023; x_wconf 88' lang='lat' dir='ltr'><strong>ibidem</strong></span> 
     </span>
    </p>

    <p class='ocr_par' dir='ltr' id='par_1_22' title="bbox 161 2042 1020 2122">
     <span class='ocr_line' id='line_1_23' title="bbox 161 2042 1020 2122; baseline 0 -21"><span class='ocrx_word' id='word_1_151' title='bbox 161 2042 288 2121; x_wconf 80' lang='lat' dir='ltr'><strong>Torquet</strong></span> <span class='ocrx_word' id='word_1_152' title='bbox 301 2063 388 2121; x_wconf 89' lang='lat' dir='ltr'><strong>agens</strong></span> <span class='ocrx_word' id='word_1_153' title='bbox 401 2045 515 2117; x_wconf 87' lang='lat' dir='ltr'><strong>circum,</strong></span> <span class='ocrx_word' id='word_1_154' title='bbox 529 2049 559 2104; x_wconf 94' lang='lat' dir='ltr'><strong>et</strong></span> <span class='ocrx_word' id='word_1_155' title='bbox 571 2045 685 2122; x_wconf 85' lang='lat' dir='ltr'><strong>rapidus</strong></span> <span class='ocrx_word' id='word_1_156' title='bbox 698 2048 780 2104; x_wconf 79' lang='lat' dir='ltr'><strong>rorat</strong></span> <span class='ocrx_word' id='word_1_157' title='bbox 793 2065 903 2122; x_wconf 83' lang='lat' dir='ltr'><strong>aequcre</strong></span> <span class='ocrx_word' id='word_1_158' title='bbox 916 2048 1020 2104; x_wconf 78' lang='lat' dir='ltr'><strong>vertex.</strong></span> 
     </span>
    </p>

    <p class='ocr_par' dir='ltr' id='par_1_23' title="bbox 162 2124 768 2202">
     <span class='ocr_line' id='line_1_24' title="bbox 162 2124 768 2202; baseline 0.003 -21"><span class='ocrx_word' id='word_1_159' title='bbox 162 2125 310 2201; x_wconf 89' lang='lat' dir='ltr'><strong>Apparent</strong></span> <span class='ocrx_word' id='word_1_160' title='bbox 322 2124 379 2182; x_wconf 87' lang='lat' dir='ltr'><strong>rari</strong></span> <span class='ocrx_word' id='word_1_161' title='bbox 391 2127 493 2183; x_wconf 90' lang='lat' dir='ltr'><strong>nantes</strong></span> <span class='ocrx_word' id='word_1_162' title='bbox 506 2124 536 2183; x_wconf 91' lang='lat' dir='ltr'><strong>in</strong></span> <span class='ocrx_word' id='word_1_163' title='bbox 550 2126 665 2202; x_wconf 84' lang='lat' dir='ltr'><strong>gurgite</strong></span> <span class='ocrx_word' id='word_1_164' title='bbox 678 2127 768 2197; x_wconf 85' lang='lat' dir='ltr'><strong>vasto,</strong></span> 
     </span>
    </p>

    <p class='ocr_par' dir='ltr' id='par_1_24' title="bbox 161 2203 932 2282">
     <span class='ocr_line' id='line_1_25' title="bbox 161 2203 932 2282; baseline 0 -20"><span class='ocrx_word' id='word_1_165' title='bbox 161 2204 251 2262; x_wconf 82' lang='lat' dir='ltr'><strong>Arma</strong></span> <span class='ocrx_word' id='word_1_166' title='bbox 263 2203 357 2261; x_wconf 83' lang='lat' dir='ltr'><strong>virum</strong></span> <span class='ocrx_word' id='word_1_167' title='bbox 370 2205 529 2280; x_wconf 81' lang='lat' dir='ltr'><strong>tabulaeque</strong></span> <span class='ocrx_word' id='word_1_168' title='bbox 542 2208 571 2263; x_wconf 93' lang='lat' dir='ltr'><strong>et</strong></span> <span class='ocrx_word' id='word_1_169' title='bbox 586 2205 673 2262; x_wconf 82' lang='lat' dir='ltr'><strong>Troia</strong></span> <span class='ocrx_word' id='word_1_170' title='bbox 686 2225 756 2282; x_wconf 85' lang='lat' dir='ltr'><strong>gaza</strong></span> <span class='ocrx_word' id='word_1_171' title='bbox 768 2224 819 2281; x_wconf 87' lang='lat' dir='ltr'><strong>per</strong></span> <span class='ocrx_word' id='word_1_172' title='bbox 832 2204 932 2262; x_wconf 90' lang='lat' dir='ltr'><strong>undas.</strong></span> 
     </span>
    </p>

    <p class='ocr_par' dir='ltr' id='par_1_25' title="bbox 162 2282 913 2362">
     <span class='ocr_line' id='line_1_26' title="bbox 162 2282 913 2362; baseline 0.003 -22"><span class='ocrx_word' id='word_1_173' title='bbox 162 2283 184 2340; x_wconf 85' lang='lat' dir='ltr'>J</span> <span class='ocrx_word' id='word_1_174' title='bbox 185 2303 231 2342; x_wconf 91' lang='lat' dir='ltr'><strong>am</strong></span> <span class='ocrx_word' id='word_1_175' title='bbox 243 2284 366 2342; x_wconf 88' lang='lat' dir='ltr'><strong>validam</strong></span> <span class='ocrx_word' id='word_1_176' title='bbox 379 2282 482 2342; x_wconf 89' lang='lat' dir='ltr'><strong>Ilionei</strong></span> <span class='ocrx_word' id='word_1_177' title='bbox 494 2305 604 2356; x_wconf 87' lang='lat' dir='ltr'><strong>navem,</strong></span> <span class='ocrx_word' id='word_1_178' title='bbox 614 2285 674 2362; x_wconf 89' lang='lat' dir='ltr'><strong>jam</strong></span> <span class='ocrx_word' id='word_1_179' title='bbox 688 2284 770 2343; x_wconf 88' lang='lat' dir='ltr'><strong>sortis</strong></span> <span class='ocrx_word' id='word_1_180' title='bbox 784 2285 913 2356; x_wconf 84' lang='lat' dir='ltr'><strong>Achatae,</strong></span> 
     </span>
    </p>

    <p class='ocr_par' dir='ltr' id='par_1_26' title="bbox 162 2363 898 2442">
     <span class='ocr_line' id='line_1_27' title="bbox 162 2363 898 2442; baseline 0.001 -21"><span class='ocrx_word' id='word_1_181' title='bbox 162 2363 205 2421; x_wconf 84' lang='lat' dir='ltr'><strong>Et</strong></span> <span class='ocrx_word' id='word_1_182' title='bbox 218 2383 275 2440; x_wconf 89' lang='lat' dir='ltr'><strong>qua</strong></span> <span class='ocrx_word' id='word_1_183' title='bbox 287 2367 385 2422; x_wconf 87' lang='lat' dir='ltr'><strong>vectus</strong></span> <span class='ocrx_word' id='word_1_184' title='bbox 399 2364 485 2436; x_wconf 86' lang='lat' dir='ltr'><strong>Abas,</strong></span> <span class='ocrx_word' id='word_1_185' title='bbox 500 2367 529 2422; x_wconf 90' lang='lat' dir='ltr'><strong>et</strong></span> <span class='ocrx_word' id='word_1_186' title='bbox 543 2385 599 2441; x_wconf 83' lang='lat' dir='ltr'><strong>qua</strong></span> <span class='ocrx_word' id='word_1_187' title='bbox 611 2364 777 2442; x_wconf 81' lang='lat' dir='ltr'><strong>grandaevus</strong></span> <span class='ocrx_word' id='word_1_188' title='bbox 791 2363 898 2435; x_wconf 86' lang='lat' dir='ltr'><strong>Aletes,</strong></span> 
     </span>
    </p>

    <p class='ocr_par' dir='ltr' id='par_1_27' title="bbox 162 2442 894 2521">
     <span class='ocr_line' id='line_1_28' title="bbox 162 2442 894 2521; baseline 0.003 -21"><span class='ocrx_word' id='word_1_189' title='bbox 162 2442 240 2501; x_wconf 84' lang='lat' dir='ltr'><strong>Vicit</strong></span> <span class='ocrx_word' id='word_1_190' title='bbox 253 2442 360 2502; x_wconf 90' lang='lat' dir='ltr'><strong>hiems:</strong></span> <span class='ocrx_word' id='word_1_191' title='bbox 381 2443 451 2502; x_wconf 84' lang='lat' dir='ltr'><strong>laxis</strong></span> <span class='ocrx_word' id='word_1_192' title='bbox 464 2444 587 2503; x_wconf 86' lang='lat' dir='ltr'><strong>laterum</strong></span> <span class='ocrx_word' id='word_1_193' title='bbox 600 2444 782 2521; x_wconf 84' lang='lat' dir='ltr'><strong>compagibus</strong></span> <span class='ocrx_word' id='word_1_194' title='bbox 796 2464 894 2502; x_wconf 91' lang='lat' dir='ltr'><strong>omnes</strong></span> 
     </span>
    </p>

    <p class='ocr_par' dir='ltr' id='par_1_28' title="bbox 163 2523 926 2601">
     <span class='ocr_line' id='line_1_29' title="bbox 163 2523 926 2601; baseline 0.001 -21"><span class='ocrx_word' id='word_1_195' title='bbox 163 2523 317 2599; x_wconf 71' lang='lat' dir='ltr'><strong>Accipiunt</strong></span> <span class='ocrx_word' id='word_1_196' title='bbox 329 2523 476 2582; x_wconf 90' lang='lat' dir='ltr'><strong>inimicum</strong></span> <span class='ocrx_word' id='word_1_197' title='bbox 489 2525 617 2596; x_wconf 84' lang='lat' dir='ltr'><strong>imbrem,</strong></span> <span class='ocrx_word' id='word_1_198' title='bbox 630 2523 765 2601; x_wconf 89' lang='lat' dir='ltr'><strong>rimisque</strong></span> <span class='ocrx_word' id='word_1_199' title='bbox 778 2524 926 2581; x_wconf 80' lang='lat' dir='ltr'><strong>fatiscunt.</strong></span> 
     </span>
    </p>

    <p class='ocr_par' dir='ltr' id='par_1_29' title="bbox 124 2591 944 3079">
     <span class='ocr_line' id='line_1_30' title="bbox 124 2591 859 2681; baseline -0.005 -17"><span class='ocrx_word' id='word_1_200' title='bbox 124 2591 147 2664; x_wconf 69' lang='lat' dir='ltr'><strong>l(</strong></span> <span class='ocrx_word' id='word_1_201' title='bbox 202 2601 318 2661; x_wconf 91' lang='lat' dir='ltr'><strong>Interea</strong></span> <span class='ocrx_word' id='word_1_202' title='bbox 330 2624 434 2681; x_wconf 83' lang='lat' dir='ltr'><strong>magno</strong></span> <span class='ocrx_word' id='word_1_203' title='bbox 447 2604 558 2663; x_wconf 87' lang='lat' dir='ltr'><strong>misceri</strong></span> <span class='ocrx_word' id='word_1_204' title='bbox 571 2624 715 2662; x_wconf 87' lang='lat' dir='ltr'><strong>murmure</strong></span> <span class='ocrx_word' id='word_1_205' title='bbox 728 2607 859 2680; x_wconf 91' lang='lat' dir='ltr'><strong>pontum,</strong></span> 
     </span>
     <span class='ocr_line' id='line_1_31' title="bbox 163 2682 898 2761; baseline 0 -21"><span class='ocrx_word' id='word_1_206' title='bbox 163 2683 361 2761; x_wconf 83' lang='lat' dir='ltr'><strong>Emissamque</strong></span> <span class='ocrx_word' id='word_1_207' title='bbox 374 2683 497 2742; x_wconf 88' lang='lat' dir='ltr'><strong>hiemem</strong></span> <span class='ocrx_word' id='word_1_208' title='bbox 511 2684 599 2742; x_wconf 87' lang='lat' dir='ltr'><strong>sensit</strong></span> <span class='ocrx_word' id='word_1_209' title='bbox 612 2684 775 2760; x_wconf 67' lang='lat' dir='ltr'><strong>Neptunus</strong></span> <span class='ocrx_word' id='word_1_210' title='bbox 789 2686 819 2741; x_wconf 91' lang='lat' dir='ltr'><strong>et</strong></span> <span class='ocrx_word' id='word_1_211' title='bbox 831 2682 898 2740; x_wconf 90' lang='lat' dir='ltr'><strong>imis</strong></span> 
     </span>
     <span class='ocr_line' id='line_1_32' title="bbox 164 2761 928 2840; baseline 0 -20"><span class='ocrx_word' id='word_1_212' title='bbox 164 2761 273 2840; x_wconf 84' lang='lat' dir='ltr'><strong>Stagna</strong></span> <span class='ocrx_word' id='word_1_213' title='bbox 285 2764 378 2821; x_wconf 88' lang='lat' dir='ltr'><strong>refusa</strong></span> <span class='ocrx_word' id='word_1_214' title='bbox 390 2764 478 2837; x_wconf 84' lang='lat' dir='ltr'><strong>vadis,</strong></span> <span class='ocrx_word' id='word_1_215' title='bbox 492 2764 617 2840; x_wconf 89' lang='lat' dir='ltr'><strong>graviter</strong></span> <span class='ocrx_word' id='word_1_216' title='bbox 630 2767 804 2834; x_wconf 80' lang='lat' dir='ltr'><strong>commotus3</strong></span> <span class='ocrx_word' id='word_1_217' title='bbox 826 2766 855 2821; x_wconf 89' lang='lat' dir='ltr'><strong>et</strong></span> <span class='ocrx_word' id='word_1_218' title='bbox 869 2761 928 2820; x_wconf 88' lang='lat' dir='ltr'><strong>alto</strong></span> 
     </span>
     <span class='ocr_line' id='line_1_33' title="bbox 164 2841 944 2920; baseline -0.001 -21"><span class='ocrx_word' id='word_1_219' title='bbox 164 2841 350 2920; x_wconf 87' lang='lat' dir='ltr'><strong>Prospicicns,</strong></span> <span class='ocrx_word' id='word_1_220' title='bbox 365 2863 475 2901; x_wconf 88' lang='lat' dir='ltr'><strong>summa</strong></span> <span class='ocrx_word' id='word_1_221' title='bbox 487 2843 629 2920; x_wconf 86' lang='lat' dir='ltr'><strong>placidum</strong></span> <span class='ocrx_word' id='word_1_222' title='bbox 642 2846 728 2919; x_wconf 87' lang='lat' dir='ltr'><strong>eaput</strong></span> <span class='ocrx_word' id='word_1_223' title='bbox 741 2843 845 2900; x_wconf 81' lang='lat' dir='ltr'><strong>extulit</strong></span> <span class='ocrx_word' id='word_1_224' title='bbox 857 2842 944 2899; x_wconf 87' lang='lat' dir='ltr'><strong>unda.</strong></span> 
     </span>
     <span class='ocr_line' id='line_1_34' title="bbox 164 2921 862 2999; baseline 0 -20"><span class='ocrx_word' id='word_1_225' title='bbox 164 2921 322 2999; x_wconf 87' lang='lat' dir='ltr'><strong>Disjectam</strong></span> <span class='ocrx_word' id='word_1_226' title='bbox 335 2922 433 2980; x_wconf 78' lang='lat' dir='ltr'><strong>AEneae</strong></span> <span class='ocrx_word' id='word_1_227' title='bbox 445 2925 509 2981; x_wconf 92' lang='lat' dir='ltr'><strong>toto</strong></span> <span class='ocrx_word' id='word_1_228' title='bbox 522 2922 600 2980; x_wconf 90' lang='lat' dir='ltr'><strong>videt</strong></span> <span class='ocrx_word' id='word_1_229' title='bbox 614 2942 723 2998; x_wconf 86' lang='lat' dir='ltr'><strong>aequore</strong></span> <span class='ocrx_word' id='word_1_230' title='bbox 736 2923 862 2993; x_wconf 85' lang='lat' dir='ltr'><strong>classem,</strong></span> 
     </span>
     <span class='ocr_line' id='line_1_35' title="bbox 163 3001 816 3079; baseline -0.003 -19"><span class='ocrx_word' id='word_1_231' title='bbox 163 3001 314 3060; x_wconf 83' lang='lat' dir='ltr'><strong>Fluctibus</strong></span> <span class='ocrx_word' id='word_1_232' title='bbox 328 3022 472 3079; x_wconf 85' lang='lat' dir='ltr'><strong>oppressos</strong></span> <span class='ocrx_word' id='word_1_233' title='bbox 487 3002 574 3060; x_wconf 82' lang='lat' dir='ltr'><strong>Troas</strong></span> <span class='ocrx_word' id='word_1_234' title='bbox 588 3002 705 3078; x_wconf 90' lang='lat' dir='ltr'><strong>coelique</strong></span> <span class='ocrx_word' id='word_1_235' title='bbox 718 3002 816 3073; x_wconf 87' lang='lat' dir='ltr'><strong>ruina;</strong></span> 
     </span>
    </p>

    <p class='ocr_par' dir='ltr' id='par_1_30' title="bbox 164 3081 798 3140">
     <span class='ocr_line' id='line_1_36' title="bbox 164 3081 798 3140; baseline 0.002 -2"><span class='ocrx_word' id='word_1_236' title='bbox 164 3082 227 3139; x_wconf 90' lang='lat' dir='ltr'><strong>Nec</strong></span> <span class='ocrx_word' id='word_1_237' title='bbox 240 3081 347 3140; x_wconf 89' lang='lat' dir='ltr'><strong>latuere</strong></span> <span class='ocrx_word' id='word_1_238' title='bbox 361 3082 419 3139; x_wconf 94' lang='lat' dir='ltr'><strong>doli</strong></span> <span class='ocrx_word' id='word_1_239' title='bbox 431 3083 548 3140; x_wconf 84' lang='lat' dir='ltr'><strong>fratrem</strong></span> <span class='ocrx_word' id='word_1_240' title='bbox 562 3081 583 3138; x_wconf 87' lang='lat' dir='ltr'><strong>J</strong></span> <span class='ocrx_word' id='word_1_241' title='bbox 583 3082 685 3139; x_wconf 91' lang='lat' dir='ltr'><strong>unonis</strong></span> <span class='ocrx_word' id='word_1_242' title='bbox 699 3084 729 3140; x_wconf 94' lang='lat' dir='ltr'><strong>et</strong></span> <span class='ocrx_word' id='word_1_243' title='bbox 741 3081 798 3139; x_wconf 86' lang='lat' dir='ltr'><strong>irae.</strong></span> 
     </span>
    </p>

    <p class='ocr_par' dir='ltr' id='par_1_31' title="bbox 163 3161 1023 3317">
     <span class='ocr_line' id='line_1_37' title="bbox 163 3161 1023 3240; baseline -0.001 -21"><span class='ocrx_word' id='word_1_244' title='bbox 163 3161 276 3219; x_wconf 83' lang='lat' dir='ltr'><strong>Eurum</strong></span> <span class='ocrx_word' id='word_1_245' title='bbox 289 3162 368 3220; x_wconf 85' lang='lat' dir='ltr'><strong>adse</strong></span> <span class='ocrx_word' id='word_1_246' title='bbox 382 3161 598 3240; x_wconf 86' lang='lat' dir='ltr'><strong>Zephyrumque</strong></span> <span class='ocrx_word' id='word_1_247' title='bbox 610 3163 710 3232; x_wconf 83' lang='lat' dir='ltr'><strong>vocat3</strong></span> <span class='ocrx_word' id='word_1_248' title='bbox 731 3161 832 3219; x_wconf 90' lang='lat' dir='ltr'><strong>dehinc</strong></span> <span class='ocrx_word' id='word_1_249' title='bbox 845 3161 916 3220; x_wconf 86' lang='lat' dir='ltr'><strong>talia</strong></span> <span class='ocrx_word' id='word_1_250' title='bbox 928 3163 1023 3220; x_wconf 84' lang='lat' dir='ltr'><strong>satnr&#39;:</strong></span> 
     </span>
     <span class='ocr_line' id='line_1_38' title="bbox 164 3240 904 3317; baseline 0.001 -18"><span class='ocrx_word' id='word_1_251' title='bbox 164 3241 319 3299; x_wconf 78' lang='lat' dir='ltr'><strong>“Tantane</strong></span> <span class='ocrx_word' id='word_1_252' title='bbox 332 3262 383 3299; x_wconf 83' lang='lat' dir='ltr'><strong>vos</strong></span> <span class='ocrx_word' id='word_1_253' title='bbox 397 3242 506 3317; x_wconf 88' lang='lat' dir='ltr'><strong>generis</strong></span> <span class='ocrx_word' id='word_1_254' title='bbox 519 3242 613 3299; x_wconf 92' lang='lat' dir='ltr'><strong>tenuit</strong></span> <span class='ocrx_word' id='word_1_255' title='bbox 627 3240 730 3298; x_wconf 87' lang='lat' dir='ltr'><strong>fiducia</strong></span> <span class='ocrx_word' id='word_1_256' title='bbox 742 3240 855 3298; x_wconf 80' lang='lat' dir='ltr'><strong>vestri?</strong></span> <span class='ocrx_word' id='word_1_257' title='bbox 896 3265 904 3300; x_wconf 76' lang='lat' dir='ltr'><em>o</em></span> 
     </span>
    </p>

    <p class='ocr_par' dir='ltr' id='par_1_32' title="bbox 146 3320 915 3483">
     <span class='ocr_line' id='line_1_39' title="bbox 146 3320 915 3398; baseline -0.001 -19"><span class='ocrx_word' id='word_1_258' title='bbox 146 3353 149 3357; x_wconf 93' lang='lat'>·</span> <span class='ocrx_word' id='word_1_259' title='bbox 163 3320 185 3378; x_wconf 89' lang='lat' dir='ltr'><strong>J</strong></span> <span class='ocrx_word' id='word_1_260' title='bbox 186 3341 232 3379; x_wconf 88' lang='lat' dir='ltr'><strong>am</strong></span> <span class='ocrx_word' id='word_1_261' title='bbox 246 3321 348 3379; x_wconf 88' lang='lat' dir='ltr'><strong>coelum</strong></span> <span class='ocrx_word' id='word_1_262' title='bbox 360 3324 520 3398; x_wconf 84' lang='lat' dir='ltr'><strong>terramque</strong></span> <span class='ocrx_word' id='word_1_263' title='bbox 533 3341 596 3378; x_wconf 92' lang='lat' dir='ltr'><strong>meo</strong></span> <span class='ocrx_word' id='word_1_264' title='bbox 609 3320 668 3378; x_wconf 88' lang='lat' dir='ltr'><strong>sine</strong></span> <span class='ocrx_word' id='word_1_265' title='bbox 681 3321 805 3391; x_wconf 88' lang='lat' dir='ltr'><strong>numine,</strong></span> <span class='ocrx_word' id='word_1_266' title='bbox 818 3321 915 3393; x_wconf 86' lang='lat' dir='ltr'><strong>Venti,</strong></span> 
     </span>
     <span class='ocr_line' id='line_1_40' title="bbox 163 3400 798 3483; baseline -0.002 -23"><span class='ocrx_word' id='word_1_267' title='bbox 163 3400 286 3483; x_wconf 76' lang='lat' dir='ltr'><strong>Miscepe</strong></span> <span class='ocrx_word' id='word_1_268' title='bbox 299 3404 328 3458; x_wconf 94' lang='lat' dir='ltr'><strong>et</strong></span> <span class='ocrx_word' id='word_1_269' title='bbox 341 3403 438 3458; x_wconf 84' lang='lat' dir='ltr'><strong>tantas</strong></span> <span class='ocrx_word' id='word_1_270' title='bbox 451 3400 561 3459; x_wconf 84' lang='lat' dir='ltr'><strong>audetis</strong></span> <span class='ocrx_word' id='word_1_271' title='bbox 573 3401 672 3459; x_wconf 90' lang='lat' dir='ltr'><strong>tollere</strong></span> <span class='ocrx_word' id='word_1_272' title='bbox 684 3400 798 3459; x_wconf 85' lang='lat' dir='ltr'><strong>moles?</strong></span> 
     </span>
    </p>

    <p class='ocr_par' dir='ltr' id='par_1_33' title="bbox 164 3480 950 3718">
     <span class='ocr_line' id='line_1_41' title="bbox 165 3480 950 3557; baseline 0.001 -20"><span class='ocrx_word' id='word_1_273' title='bbox 165 3481 242 3553; x_wconf 79' lang='lat' dir='ltr'><strong>Quos</strong></span> <span class='ocrx_word' id='word_1_274' title='bbox 256 3480 405 3557; x_wconf 85' lang='lat' dir='ltr'><strong>ego—Sed</strong></span> <span class='ocrx_word' id='word_1_275' title='bbox 417 3483 511 3538; x_wconf 89' lang='lat' dir='ltr'><strong>motos</strong></span> <span class='ocrx_word' id='word_1_276' title='bbox 524 3483 642 3556; x_wconf 77' lang='lat' dir='ltr'><strong>praestat</strong></span> <span class='ocrx_word' id='word_1_277' title='bbox 656 3500 822 3556; x_wconf 86' lang='lat' dir='ltr'><strong>componere</strong></span> <span class='ocrx_word' id='word_1_278' title='bbox 836 3480 950 3538; x_wconf 81' lang='lat' dir='ltr'><strong>fluctus.</strong></span> 
     </span>
     <span class='ocr_line' id='line_1_42' title="bbox 165 3559 855 3637; baseline -0.003 -19"><span class='ocrx_word' id='word_1_279' title='bbox 165 3560 237 3618; x_wconf 89' lang='lat' dir='ltr'><strong>Post</strong></span> <span class='ocrx_word' id='word_1_280' title='bbox 250 3561 322 3618; x_wconf 90' lang='lat' dir='ltr'><strong>mihi</strong></span> <span class='ocrx_word' id='word_1_281' title='bbox 335 3581 393 3619; x_wconf 93' lang='lat' dir='ltr'><strong>non</strong></span> <span class='ocrx_word' id='word_1_282' title='bbox 406 3559 492 3618; x_wconf 89' lang='lat' dir='ltr'><strong>simili</strong></span> <span class='ocrx_word' id='word_1_283' title='bbox 504 3580 588 3637; x_wconf 89' lang='lat' dir='ltr'><strong>poena</strong></span> <span class='ocrx_word' id='word_1_284' title='bbox 600 3560 749 3618; x_wconf 86' lang='lat' dir='ltr'><strong>commissa</strong></span> <span class='ocrx_word' id='word_1_285' title='bbox 760 3559 855 3618; x_wconf 83' lang='lat' dir='ltr'><strong>luetis.</strong></span> 
     </span>
     <span class='ocr_line' id='line_1_43' title="bbox 164 3639 856 3718; baseline 0 -22"><span class='ocrx_word' id='word_1_286' title='bbox 164 3640 313 3698; x_wconf 83' lang='lat' dir='ltr'><strong>Maturate</strong></span> <span class='ocrx_word' id='word_1_287' title='bbox 325 3640 431 3718; x_wconf 82' lang='lat' dir='ltr'><strong>fugam,</strong></span> <span class='ocrx_word' id='word_1_288' title='bbox 445 3639 559 3716; x_wconf 87' lang='lat' dir='ltr'><strong>regique</strong></span> <span class='ocrx_word' id='word_1_289' title='bbox 572 3640 632 3698; x_wconf 88' lang='lat' dir='ltr'><strong>haec</strong></span> <span class='ocrx_word' id='word_1_290' title='bbox 646 3639 731 3697; x_wconf 87' lang='lat' dir='ltr'><strong>dicite</strong></span> <span class='ocrx_word' id='word_1_291' title='bbox 744 3642 856 3696; x_wconf 87' lang='lat' dir='ltr'><strong>vestro:</strong></span> 
     </span>
    </p>

    <p class='ocr_par' dir='ltr' id='par_1_34' title="bbox 161 3718 949 4036">
     <span class='ocr_line' id='line_1_44' title="bbox 165 3718 907 3797; baseline -0.003 -20"><span class='ocrx_word' id='word_1_292' title='bbox 165 3720 234 3778; x_wconf 89' lang='lat' dir='ltr'><strong>Non</strong></span> <span class='ocrx_word' id='word_1_293' title='bbox 247 3720 289 3778; x_wconf 90' lang='lat' dir='ltr'><strong>illi</strong></span> <span class='ocrx_word' id='word_1_294' title='bbox 301 3720 452 3797; x_wconf 90' lang='lat' dir='ltr'><strong>imperium</strong></span> <span class='ocrx_word' id='word_1_295' title='bbox 464 3719 557 3797; x_wconf 87' lang='lat' dir='ltr'><strong>pelagi</strong></span> <span class='ocrx_word' id='word_1_296' title='bbox 571 3739 731 3795; x_wconf 76' lang='lat' dir='ltr'><strong>saevumque</strong></span> <span class='ocrx_word' id='word_1_297' title='bbox 744 3718 907 3788; x_wconf 86' lang='lat' dir='ltr'><strong>tridentem,</strong></span> 
     </span>
     <span class='ocr_line' id='line_1_45' title="bbox 166 3798 949 3871; baseline -0.003 -14"><span class='ocrx_word' id='word_1_298' title='bbox 166 3799 222 3857; x_wconf 86' lang='lat' dir='ltr'><strong>Sed</strong></span> <span class='ocrx_word' id='word_1_299' title='bbox 234 3799 307 3856; x_wconf 92' lang='lat' dir='ltr'><strong>mihi</strong></span> <span class='ocrx_word' id='word_1_300' title='bbox 319 3803 395 3859; x_wconf 86' lang='lat' dir='ltr'><strong>sorte</strong></span> <span class='ocrx_word' id='word_1_301' title='bbox 409 3800 518 3858; x_wconf 87' lang='lat' dir='ltr'><strong>datum.</strong></span> <span class='ocrx_word' id='word_1_302' title='bbox 559 3800 651 3858; x_wconf 76' lang='lat' dir='ltr'><strong>Tenet</strong></span> <span class='ocrx_word' id='word_1_303' title='bbox 663 3799 710 3857; x_wconf 91' lang='lat' dir='ltr'><strong>illc</strong></span> <span class='ocrx_word' id='word_1_304' title='bbox 723 3798 859 3856; x_wconf 85' lang='lat' dir='ltr'><strong>immania</strong></span> <span class='ocrx_word' id='word_1_305' title='bbox 872 3819 949 3871; x_wconf 78' lang='lat' dir='ltr'><strong>sara,</strong></span> 
     </span>
     <span class='ocr_line' id='line_1_46' title="bbox 161 3878 847 3957; baseline -0.001 -21"><span class='ocrx_word' id='word_1_306' title='bbox 161 3879 287 3951; x_wconf 77' lang='lat' dir='ltr'><strong>Vestrae,</strong></span> <span class='ocrx_word' id='word_1_307' title='bbox 301 3880 387 3952; x_wconf 84' lang='lat' dir='ltr'><strong>Eure,</strong></span> <span class='ocrx_word' id='word_1_308' title='bbox 401 3881 517 3951; x_wconf 88' lang='lat' dir='ltr'><strong>domos;</strong></span> <span class='ocrx_word' id='word_1_309' title='bbox 536 3879 584 3937; x_wconf 92' lang='lat' dir='ltr'><strong>illa</strong></span> <span class='ocrx_word' id='word_1_310' title='bbox 597 3900 626 3937; x_wconf 90' lang='lat' dir='ltr'><strong>se</strong></span> <span class='ocrx_word' id='word_1_311' title='bbox 635 3880 727 3957; x_wconf 81' lang='lat' dir='ltr'><strong>jactet</strong></span> <span class='ocrx_word' id='word_1_312' title='bbox 739 3878 770 3935; x_wconf 90' lang='lat' dir='ltr'><strong>in</strong></span> <span class='ocrx_word' id='word_1_313' title='bbox 783 3878 847 3935; x_wconf 84' lang='lat' dir='ltr'><strong>aula</strong></span> 
     </span>
     <span class='ocr_line' id='line_1_47' title="bbox 163 3957 850 4036; baseline 0 -20"><span class='ocrx_word' id='word_1_314' title='bbox 163 3958 271 4032; x_wconf 79' lang='lat' dir='ltr'><strong>AEolus‚</strong></span> <span class='ocrx_word' id='word_1_315' title='bbox 285 3962 315 4018; x_wconf 92' lang='lat' dir='ltr'><strong>et</strong></span> <span class='ocrx_word' id='word_1_316' title='bbox 328 3960 422 4020; x_wconf 87' lang='lat' dir='ltr'><strong>clauso</strong></span> <span class='ocrx_word' id='word_1_317' title='bbox 435 3962 586 4018; x_wconf 85' lang='lat' dir='ltr'><strong>ventorum</strong></span> <span class='ocrx_word' id='word_1_318' title='bbox 599 3979 707 4018; x_wconf 84' lang='lat' dir='ltr'><strong>carcere</strong></span> <span class='ocrx_word' id='word_1_319' title='bbox 719 3957 850 4036; x_wconf 87' lang='lat' dir='ltr'><strong>regnet.”</strong></span> 
     </span>
    </p>
   </div>
   <div class='ocr_carea' id='block_1_3' title="bbox 0 0 1241 4260">
    <p class='ocr_par' dir='ltr' id='par_1_35' title="bbox 0 0 1241 4260">
     <span class='ocr_line' id='line_1_48' title="bbox 0 0 1241 4260; baseline 0 0"><span class='ocrx_word' id='word_1_320' title='bbox 0 0 1241 4260; x_wconf 95' lang='lat' dir='ltr'><strong> </strong></span> 
     </span>
    </p>
   </div>
  </div>
 </body>
</html>
