2446 4260
138 213 197 271 180
442 229 469 270 1.
483 227 624 270 11111111
637 226 779 270 umorue

137 370 308 428 Exstinetus
321 370 421 447 pudor,
434 374 473 442 et,
488 391 544 447 qua
557 371 616 428 sola
629 369 720 428 sidera
733 369 855 442 adibam,

138 450 229 508 Fama
241 450 333 526 prior:
354 450 400 508 cui
412 470 458 509 me
471 450 670 508 moribundam
682 450 795 521 deseris,
808 449 934 527 hospes?

137 529 205 588 Hoc
219 530 311 587 solum
324 550 428 588 nomen
441 530 574 606 quoniam
588 530 623 588 de
637 529 756 607 conjuge
769 532 870 588 restat.

139 609 215 682 Quid
228 608 347 668 moror?
368 630 404 667 an
418 629 481 668 mea
494 609 665 687 Pygmalion
679 608 749 667 dum
760 610 867 668 moenia
878 610 966 668 frater

138 688 287 760 Destruat,
301 691 351 747 aut
365 692 478 766 captam
491 689 576 747 ducat
591 688 722 747 Gaetulus
737 688 860 748 Iarbas?

139 767 248 827 Saltem
262 768 286 826 si
299 768 358 845 qua¹
367 768 439 826 mihi
452 769 487 827 de
499 771 530 828 te
544 770 675 847 suscepta
687 768 788 826 fuisset

138 849 217 906 Ante
230 848 329 925 fugam
342 848 470 920 suboles3
490 847 590 925 siquis
603 840 828 933 mihi'pdrwlus
837 847 903 907 aula

139 927 266 986 Luderet
278 927 391 1000 AEneas,
405 927 454 1004 qui
466 931 497 987 te
509 932 608 986 tamen
621 947 669 986 ore
681 928 808 999 referret,

138 1006 171 1064 N
171 1026 208 1064 on
222 1007 351 1083 equidem
365 1007 480 1065 omnino
494 1009 578 1084 capta
591 1027 623 1065 ac
636 1008 748 1066 deserta
760 1007 900 1065 viderer.'’

179 1086 309 1145 Dixerat.
350 1087 403 1145 Ille
417 1086 439 1143 J
439 1087 500 1145 ovis
513 1086 630 1145 monitis
643 1087 894 1146 immota'tenebat

140 1165 272 1238 Lumina,
282 1168 312 1224 et
325 1167 445 1225 obnixus
459 1187 556 1225 curam
569 1167 622 1225 sub
635 1167 718 1226 corde
731 1165 887 1244 premebat.

140 1245 269 1303 Tandem
280 1266 370 1323 pauca
381 1247 484 1306 refert:
506 1247 597 1324 “Ego
609 1249 649 1319 te,
664 1265 728 1324 quae
740 1245 863 1323 plurima
874 1245 960 1304 fando

139 1325 315 1384 Enumerare
328 1325 412 1398 vales,
425 1346 581 1402 nunquam,
594 1325 715 1404 Regina,
728 1326 838 1404 negabo

140 1404 347 1478 Promeritam;
366 1426 417 1464 neo
430 1426 476 1464 me
489 1405 650 1465 meminisse
661 1405 773 1484 pigebit
786 1405 898 1476 Elissa,

139 1483 220 1545 Dum
233 1505 342 1544 memor
354 1484 414 1562 ipse
426 1485 492 1557 mei,
505 1486 575 1543 dum
588 1484 705 1563 spiritus
717 1484 771 1543 hos
784 1485 860 1563 regit
873 1487 961 1543 artus.

139 1562 197 1622 Pro
211 1584 241 1622 re
253 1584 343 1642 pauca
354 1564 462 1642 loquar.
503 1565 606 1642 Neque
618 1585 672 1642 ego
684 1565 758 1624 hanc
772 1564 941 1624 abscondere
953 1564 1031 1623 furto

140 1641 264 1720 Speravi,
278 1665 313 1702 ne
326 1645 412 1722 finge,
424 1646 539 1722 fugam3
559 1665 611 1704 nec
624 1644 753 1722 conjugis
765 1665 892 1722 unquam

140 1722 286 1782 Praebendi
299 1724 398 1796 taedas,
411 1728 461 1782 aut
474 1724 536 1782 haec
548 1724 580 1782 in
592 1722 698 1802 toedera
711 1724 785 1783 veni.

140 1803 192 1861 Me
205 1804 230 1862 si
242 1804 303 1862 fata
315 1804 385 1862 meis
398 1806 564 1880 paterentur
577 1803 678 1863 ducere
691 1803 783 1862 vitam

139 1883 291 1961 Auspiciis,
304 1885 334 1942 et
348 1887 449 1960 sponte
462 1903 526 1942 mea
539 1902 705 1961 componere
718 1903 809 1955 curas,

139 1961 251 2021 Urbem
264 1963 417 2041 'Projanam
429 1963 554 2040 primum
567 1963 717 2043 dulcesque
730 1983 860 2022 meorum

140 2041 285 2119 Reliquias
299 2043 435 2114 colerem3
455 2041 564 2101 Priami
575 2045 655 2102 tecta
664 2040 727 2101 altr
738 2046 897 2115 manerent,

140 2122 182 2179 Et
195 2123 318 2181 recidiva
330 2142 418 2181 manu
430 2123 586 2199 posuissem
599 2122 740 2200 Pergama
752 2122 844 2180 victis.

140 2201 196 2260 Sed
208 2222 284 2260 nunc
298 2202 414 2260 Italiam
427 2222 562 2279 magnam
576 2202 707 2280 Gryneus
720 2202 833 2279 Apollo,

139 2280 256 2338 Italiam
269 2281 369 2359 Lyciae
376 2282 485 2360 jussere
498 2301 639 2358 capessere
652 2285 751 2340 sortes.
817 2351 831 2358 ..

139 2360 199 2419 Hic
213 2380 299 2433 amor,
313 2361 374 2419 haec
387 2361 480 2438 patria
493 2366 545 2419 est.
587 2361 617 2419 Si
630 2365 660 2420 te
674 2360 856 2438 Carthaginis
870 2373 956 2433 arces,

139 2439 327 2512 Phoenissam,
341 2441 513 2518 Libycaeque
526 2444 656 2517 aspectus
670 2441 780 2499 detinet
792 2440 880 2512 urbis,

140 2519 210 2590 Quae
223 2521 348 2593 tandem,
362 2521 489 2579 Ausonia
501 2520 625 2579 Teucros
638 2521 781 2579 considere
794 2523 879 2592 terra,

139 2598 253 2657 Invidia
266 2600 334 2660 est?
374 2601 416 2658 Et
429 2621 481 2659 nos
494 2601 536 2658 fas
550 2605 647 2658 extera
659 2620 782 2677 quaerere
795 2620 892 2677 regna.

138 2679 190 2737 Me
202 2680 291 2756 patris
305 2681 446 2751 Anchisae,
461 2680 571 2758 quoties
585 2680 770 2738 humentibus
783 2680 892 2738 umbris

137 2757 206 2816 Nox
219 2760 310 2836 operib
324 2763 421 2831 terras,
436 2761 546 2837 quoties
560 2763 637 2818 astra
649 2760 733 2837 ignea
745 2762 878 2837 surgunt,

136 2838 284 2898 Admonet
297 2840 327 2897 in
341 2840 447 2898 somnis
461 2843 491 2898 et
505 2839 621 2898 turbida
633 2841 722 2898 terret
735 2839 847 2917 imago;

138 2917 190 2975 Me
203 2939 273 2995 puer
286 2920 433 2992 Ascanius,
447 2919 603 2996 capitisque
616 2919 720 2997 injuria
733 2918 800 2990 cari,

139 2997 232 3068 Quem
244 3019 332 3076 regno
345 2999 493 3077 Hesperiae
506 2998 606 3057 fraudo
619 3003 649 3057 et
662 2998 795 3057 fatalibus
809 2997 893 3055 arvis.

137 3076 170 3135 N
170 3097 226 3135 unc
240 3079 327 3137 etiam
340 3079 478 3156 interpres
492 3079 599 3149 divum,
614 3078 635 3135 J
636 3098 688 3136 ove
702 3078 804 3136 missus
818 3077 938 3154 abipso,

142 3156 258 3232 (Testor
272 3162 426 3234 utrumque
440 3158 540 3235 caput)
557 3158 658 3216 celeres
671 3158 807 3215 mandata
819 3177 870 3233 per
883 3177 965 3215 auras

138 3235 264 3295 Detulit.
305 3238 372 3314 Ipse
385 3238 471 3296 deum
484 3237 635 3296 manifesto
647 3238 679 3295 in
691 3238 799 3294 lumine
812 3236 872 3294 vidi

137 3314 301 3375 Intrantem
314 3338 420 3389 muros,
434 3337 587 3393 vocemque
600 3317 645 3375 his
659 3317 774 3375 auribus
788 3316 882 3375 hausi.

136 3394 243 3456 Desine
256 3417 357 3473 meque
370 3397 430 3455 tuis
443 3398 592 3455 incendere
605 3401 691 3473 teque
705 3396 843 3474 querelis3

138 3473 255 3533 Italiam
268 3497 326 3535 non
340 3480 441 3554 sponte
454 3477 584 3552 sequor.’'

177 3555 259 3614 Talia
272 3556 413 3615 dicentem
421 3556 592 3634 jamdudum
606 3576 703 3614 aversa
715 3556 825 3625 tuetur,

138 3633 208 3692 Huc
221 3636 288 3693 illuc
301 3638 417 3695 volvens
431 3636 536 3707 oculos,
548 3639 701 3712 totumque
714 3638 840 3711 pererrat

138 3713 310 3774 huminibus
323 3716 428 3789 tacitis,
442 3719 472 3774 et
485 3715 525 3774 sic
539 3736 655 3774 accensa
666 3715 812 3792 profatur:

138 3797 154 3823 “
166 3794 229 3852 Nec
241 3795 296 3854 tibi
310 3796 375 3855 diva
387 3817 496 3874 parens,
510 3796 619 3872 generis
633 3815 684 3853 neo
698 3794 850 3852 Dardanus
865 3797 973 3865 auctor,

136 3871 266 3949 Perfide3
287 3876 339 3936 sed
350 3877 430 3936 duris
443 3876 544 3957 genuit
554 3879 588 3933 tc
600 3875 731 3933 cautibus
743 3875 862 3949 homene

132 3953 292 4036 Caucasus,
305 3958 516 4040 Hyrcanaque
528 3956 686 4017 admorunt
695 3953 788 4008 ubera
794 3952 897 4024 tigres.
