2446 4260
318 40 439 85 x„

189 197 227 256 88
472 212 500 255 r.
513 210 652 255 rraarmr
666 208 808 255 uanoms

188 354 230 412 Et
243 354 354 413 munire
366 353 453 427 favos,
467 358 497 414 et
510 353 618 414 daedala
629 354 736 433 fingere
748 357 842 414 tecta:

187 435 231 492 At
243 434 322 493 fessae
337 435 429 493 multa
440 434 567 494 referunt
581 455 610 494 se
623 439 707 494 nocte
720 435 849 506 minores,

189 513 279 572 Crura
290 515 394 592 thymo
405 514 514 592 plenae3
533 518 689 592 pascuntur
701 518 732 573 et
745 515 847 573 arbuta
858 512 974 591 passim,

188 593 231 651 Et
243 593 357 671 glaucas
371 594 467 653 salices
480 593 646 671 casumque,
660 613 828 670 crocumque
840 593 991 653 rubentem

188 673 230 730 Et
243 672 379 751 pinguem
391 673 485 732 tiliam
497 677 528 732 et
540 674 714 752 ferrugineos
726 673 908 752 hyacinthos.

188 751 329 812 Omnibus
342 773 400 812 una
413 753 491 830 quies
504 772 630 831 operum,
642 753 722 812 labor
734 752 866 812 omnibus
878 772 963 812 unus.

188 832 276 890 Mane
288 836 379 892 ruunt
390 833 498 911 portis;
517 853 659 910 nusquam
670 852 768 892 mora:
788 851 887 890 rursus
900 833 1014 892 easdem

187 911 294 989 Vesper
306 912 358 970 ubi
370 932 386 971 e
398 917 484 990 pastu
495 912 612 972 taudem
625 912 757 972 decedere
770 911 876 990 campis

143 1029 146 1034 -
186 991 355 1064 Admonuit,
368 995 434 1050 tum
445 995 524 1051 tecta
535 995 648 1070 petunt,
661 995 727 1051 tum
740 1011 856 1069 corpora
868 994 986 1050 emant:

187 1070 239 1129 Fit
252 1072 371 1144 sonitus,
384 1075 568 1148 mussantque
582 1092 645 1131 oras
658 1075 688 1131 et
700 1070 800 1130 limina
811 1070 927 1130 circum.

187 1150 268 1223 Post,
281 1151 332 1210 ubi
339 1151 402 1230 jam
414 1151 548 1210 thalamis
561 1171 591 1210 se
605 1170 794 1228 composuere,
808 1149 909 1209 siletur

187 1229 225 1288 In
237 1233 360 1303 noctem,
373 1231 517 1307 fessosque
529 1250 613 1308 sopor
626 1251 695 1290 suus
708 1232 828 1308 occupat
840 1232 931 1288 artus.

186 1309 250 1368 Nec
262 1330 329 1369 vero
342 1330 359 1369 a
372 1310 491 1369 stabulis
504 1310 601 1388 pluvia
612 1310 794 1388 impendente
805 1309 944 1368 recedunt

186 1388 324 1468 Longius,
338 1394 389 1449 aut
402 1390 522 1449 credunt
536 1390 607 1449 coelo
620 1389 840 1449 adventantibus
854 1388 946 1462 euris3

187 1469 244 1527 Sed
256 1469 364 1528 circum
376 1472 451 1528 tutae
464 1471 518 1529 sub
531 1469 672 1528 moenibus
685 1469 764 1529 urbis
777 1471 928 1545 aquantur,

186 1548 385 1626 Excursusque
398 1549 496 1608 breves
508 1552 633 1621 tentant,
647 1552 677 1608 et
690 1568 764 1626 saepe
776 1547 895 1626 lapillos,

186 1627 231 1686 Ut
244 1629 355 1706 cymbae
368 1629 513 1688 instabiles
526 1629 618 1688 fluctu
626 1629 756 1708 jactante
769 1629 924 1700 saburram,

185 1706 320 1768 Tollunt:
340 1707 386 1766 his
399 1727 458 1767 sese
471 1729 521 1786 per
530 1707 626 1766 inania
638 1708 737 1766 nubila
748 1708 863 1767 librant.

186 1786 276 1845 Illum
289 1788 358 1846 adeo
370 1788 507 1864 placuisse
517 1788 616 1865 apibus
629 1786 767 1846 mirabere
776 1807 893 1859 morem,

187 1866 271 1940 Quod
283 1887 335 1927 nec
349 1867 503 1927 concubitu
515 1867 675 1945 indulgent,
689 1887 741 1926 nec
754 1887 870 1944 corpora
883 1886 983 1945 segnes

186 1945 224 2004 In
237 1947 377 2006 Venerem
390 1946 505 2006 solvunt
518 1950 570 2006 aut
582 1948 658 2005 fetus
670 1946 783 2005 nixibus
797 1947 903 2019 edunt;

185 2025 294 2084 Verum
306 2027 376 2104 ipsae
389 2046 404 2085 e
416 2026 491 2086 foliis
504 2029 587 2085 natos
601 2029 631 2085 et
645 2026 777 2085 suavibus
790 2026 885 2085 herbis

186 2105 243 2164 Ore
254 2105 373 2184 legunt3
392 2106 461 2184 ipsae
474 2126 570 2183 regem
583 2125 740 2184 parvosque
753 2106 878 2178 Quirites

185 2185 345 2258 Sufficiunt,
359 2185 492 2262 aulasque
506 2189 535 2245 et
548 2205 628 2244 cerea
639 2205 727 2263 regna
738 2187 893 2264 refingimt.

186 2263 267 2342 Saepe
280 2265 368 2324 etiam
380 2265 458 2323 duris
471 2265 589 2324 errando
601 2265 632 2323 in
645 2265 757 2324 cotibus
770 2265 829 2324 alas

184 2345 339 2417 Attrivere,
352 2344 485 2422 ultroque
498 2346 622 2403 animam
635 2345 689 2403 sub
701 2343 775 2404 fasce
788 2344 905 2415 dedere;

184 2422 295 2482 Tantus
309 2445 388 2482 amor
400 2424 503 2483 florum
515 2428 545 2483 et
557 2423 710 2501 generandi
722 2424 813 2502 gloria
824 2424 924 2483 mellis.

184 2503 264 2580 Ergo
277 2504 352 2580 ipsas
366 2504 493 2580 quamvis
507 2504 623 2581 angusti
635 2504 775 2562 terminus
788 2504 843 2561 aevi

185 2583 326 2660 Excipiet,
344 2583 447 2660 (neque
460 2583 537 2642 enim
549 2584 613 2660 plus
627 2584 748 2660 septima
761 2583 876 2642 ducitur
888 2582 987 2660 aestas)

184 2663 227 2720 At
240 2683 329 2740 genus
343 2663 503 2723 immortale
516 2666 622 2735 manet,
635 2663 797 2739 multosque
809 2683 860 2740 per
873 2682 961 2720 annos

185 2742 251 2800 Stat
264 2743 379 2801 fortuna
392 2743 501 2815 domus,
514 2746 544 2801 et
558 2743 604 2800 avi
616 2746 802 2800 numerantur
814 2762 940 2802 avorum.

166 2893 170 2900 ,
185 2821 330 2881 Praeterea
341 2842 438 2899 regem
450 2843 509 2881 non
522 2823 562 2880 sic
575 2822 719 2900 AEgyptos
732 2825 763 2881 et
775 2822 876 2900 ingens

184 2900 285 2978 Lydia,
298 2922 351 2960 nec
363 2902 461 2979 populi
473 2902 648 2960 Parthorum
661 2905 711 2960 aut
725 2902 829 2960 Medus
844 2900 997 2978 Hydaspes

185 2980 353 3040 Observant.
393 2981 474 3060 Rege
486 2981 622 3040 ineolumi
634 3001 714 3039 mens
728 2980 858 3040 omnibus
871 3000 929 3038 una
941 2984 1002 3053 est;

184 3061 308 3133 Amisso,
321 3080 420 3138 rupere
433 3061 519 3120 fidem
532 3063 751 3137 constructaque
764 3060 850 3119 mella

184 3134 334 3217 Diripuere
347 3141 424 3217 ipsae,
439 3144 469 3200 et
482 3144 573 3200 crates
587 3140 693 3198 solvere
706 3140 843 3198 favorum.

184 3218 239 3278 Ille
253 3240 369 3296 operum
382 3223 494 3293 cust0s3
514 3220 596 3278 illum
609 3219 794 3292 admirantur,
808 3222 838 3278 et
851 3239 949 3279 omnes

185 3298 379 3358 Circumstant
392 3299 509 3358 fremitu
521 3300 617 3371 denso,
631 3299 794 3376 stipantque
807 3300 968 3375 frequentes
979 3325 986 3372 ;

185 3378 228 3436 Et
241 3398 315 3456 saepe
328 3379 467 3438 attollunt
480 3379 614 3452 humeris,
629 3381 659 3436 et
673 3399 789 3456 corpora
801 3379 875 3437 bello

184 3457 344 3535 Objectant,
357 3458 559 3535 pulchramque
571 3461 675 3536 petunt
687 3478 738 3536 per
749 3458 867 3516 vulnera
879 3462 1011 3518 mortem.

223 3538 280 3595 His
294 3538 409 3614 quidam
422 3538 511 3616 signis
524 3541 609 3613 atque
622 3538 683 3596 haec
696 3538 824 3614 exempla
836 3538 936 3612 secuti,

184 3617 255 3676 Esse
269 3619 367 3694 apibus
380 3621 492 3695 partem
505 3616 609 3675 divinae
621 3617 726 3675 mentis
740 3621 770 3676 et
783 3619 903 3676 haustus

184 3696 329 3756 AEltherios
342 3698 452 3757 dixere:
473 3697 558 3756 deum
571 3716 692 3772 namque
705 3696 746 3755 ire
758 3717 809 3774 per
822 3718 919 3756 omnes

184 3776 339 3853 Terraeque
351 3781 516 3854 tractimque
529 3776 614 3834 maris
628 3776 785 3853 coelumque
797 3777 987 3853 profundum3

184 3855 263 3914 Hinc
275 3857 404 3935 pecudeS,
418 3859 554 3928 armenta,
568 3855 653 3927 vince,
667 3876 756 3934 genus
770 3877 853 3915 omne
865 3857 998 3932 ferarum,

184 3936 330 4014 Quemque
343 3937 397 3996 sibi
409 3940 509 3997 tenues
521 3938 685 3995 nascentem
698 3955 834 3995 arcessere
846 3936 938 4009 vitas3
