2446 4260
429 229 570 273 manos
583 228 647 272 m.
660 230 712 272 111.

106 361 183 444 Nos,
191 373 277 453 patria
288 373 413 445 incensa,
426 373 536 433 diversa
547 393 598 450 per
610 392 723 450 aequora
735 375 834 443 recta,

106 444 208 531 Stirpis
219 454 356 513 Achilleae
370 453 461 512 fastus
469 454 659 532 juvenemque
673 453 834 530 superbum,

107 523 225 594 Servilio
237 534 338 606 enixae,
351 533 488 605 tulimus3
508 534 557 609 qui
570 533 679 603 deinde,
693 535 807 590 secutus

107 602 237 673 Ledaam
249 613 440 672 Hermionam
452 612 738 689 Lacedaemoniosque
750 612 924 689 hymenaeos,

108 682 169 749 Me
177 693 272 753 famulo
285 693 477 770 famulamque
490 692 604 751 Heleno
616 691 776 750 transmisit
789 689 957 750 habendam.

109 765 260 846 Asellum,
274 775 380 850 ereptae
393 791 499 849 magno
511 771 704 830 inflammatus
718 791 812 829 amore

111 842 247 932 O011jugis,
260 856 291 913 et
305 852 442 912 scelerum
455 851 549 909 Furiis
563 852 698 928 agitatus,
712 851 827 910 Orestes

112 921 220 1010 Excipit
231 933 389 1004 incautum,
402 931 562 1010 patriasque
575 932 729 990 obtruncat
742 931 779 989 ad
791 951 862 989 aras.

111 999 204 1071 Morte
214 1012 398 1090 Neoptolemi
410 1031 562 1089 regnorum
574 1011 686 1069 reddita
699 1010 783 1068 cessit

111 1077 146 1137 P
145 1105 180 1148 ars
191 1093 309 1165 Heleno,
324 1092 374 1169 qui
388 1090 528 1149 Chaonios
542 1090 710 1167 cognomine
723 1110 847 1167 campos,

11 1240 13 1247 Ι
109 1157 315 1250 Chaoniamque
329 1191 441 1230 omnem
455 1171 578 1249 Trojano
591 1189 609 1228 a
622 1169 737 1228 Chaone
750 1169 832 1240 dixit,

104 1233 298 1328 Pergamaque
312 1251 484 1327 Iliacamque
494 1250 572 1328 jugis
585 1250 659 1308 hanc
672 1249 782 1307 addidit
797 1268 900 1307 arcem.

101 1314 162 1384 Sed
175 1331 228 1390 tibi
240 1331 290 1410 qui
303 1351 418 1390 cursum
430 1331 518 1402 venti,
532 1349 593 1407 quae
607 1329 667 1388 fata
680 1328 803 1388 dedere?

95 1395 167 1464 Aut
182 1411 309 1488 quisnam
322 1410 453 1487 ignarum
466 1410 571 1469 nostris
584 1409 653 1467 deus
666 1409 777 1486 appulit
791 1406 870 1466 oris?

92 1471 182 1549 Quid
192 1511 261 1568 puer
274 1488 437 1549 Ascanius?
477 1489 642 1567 superatne,
655 1493 686 1547 et
698 1489 823 1547 vescitur
836 1485 929 1546 aura?

87 1549 196 1628 Quem
208 1570 263 1630 eur
271 1570 334 1648 jam
346 1569 470 1647 noja-

80 1622 205 1724 Eequa
216 1653 314 1708 tamen
327 1669 414 1726 puero
427 1652 472 1707 est
484 1648 593 1706 amissae
606 1668 673 1706 cura
685 1645 835 1724 parentis?

78 1700 218 1803 Eequid
229 1730 261 1787 in
274 1729 421 1806 antiquam
434 1729 572 1787 virtutem
585 1728 748 1804 animosque
761 1726 856 1785 viriles

72 1776 136 1851 Et
156 1814 241 1886 pater
255 1808 359 1867 AEneas
373 1812 403 1867 et
417 1809 571 1866 avunculus
585 1808 691 1866 excitat
704 1806 816 1864 Hector
826 1805 849 1865 l'

132 1883 159 1913 “
172 1889 252 1947 Talia
264 1889 401 1947 frmdebat
413 1888 570 1960 lacrimans,
583 1888 738 1964 longosque
752 1885 844 1945 ciebat

65 1931 254 2051 Inflassum
267 1968 351 2027 fletus
364 1993 370 2040 ;
391 1988 479 2045 quum
492 1988 551 2026 sese
565 1987 583 2024 a
594 1967 734 2026 moenibus
747 1967 831 2024 heros

64 2009 264 2107 Pnamrees
277 2048 376 2106 mures
389 2048 519 2106 Helenus
532 2047 734 2106 comeantibus
748 2047 840 2118 affere,

60 2096 302 2267 ἓξηοὶῗὶᾞθ
300 2148 389 2266 lppos,
401 2127 599 2265 laomim&
599 2127 698 2219 limina
693 2127 847 2263 uqluffidst

60 2228 243 2361 Prota,
257 2226 753 2366 andreottae
766 2249 879 2363 magas
959 2272 963 2284 ·

59 2322 110 2393 1³

110 2371 257 2446 ergama,
270 2370 301 2426 et
313 2370 441 2427 arentem
454 2366 567 2425 Xanthi
580 2365 747 2442 cognomine
760 2365 856 2424 rivum

58 2416 250 2562 §gnoscq
264 2447 402 2524 Scaeaeque
415 2447 571 2524 amplector
583 2445 682 2503 limina
694 2448 793 2521 portae.

121 2539 167 2586 ec
180 2547 243 2586 non
255 2529 286 2586 et
298 2526 401 2586 Teucri
413 2526 488 2585 socia
501 2525 586 2583 simul
598 2525 668 2583 urbe
681 2525 831 2584 fruuntur:

58 2564 347 2746 {laneas

60 2725 257 2846 11lepositis
270 2784 338 2824 auro
351 2765 479 2843 dapibus,
491 2706 658 2843 gaterasque
670 2729 815 2822 ten'cbant.

139 2845 298 2922 “Jamque
311 2845 378 2916 dies,
391 2846 518 2922 alterque
531 2845 591 2903 dies
603 2844 757 2920 processit;
777 2846 807 2902 et
820 2861 895 2899 aurae

66 2892 176 2987 Vela
189 2928 305 2997 vocant,
314 2925 481 3002 tumidoque
493 2925 609 2982 inflatur
622 2924 753 2983 carbasus
767 2925 872 2981 austro.

72 2976 160 3095 ‘Bis
175 3007 276 3063 vatem
289 3004 438 3098 aggredior
450 3005 542 3076 dictis,
557 3024 589 3062 ac
601 3004 672 3062 talia
684 3023 794 3081 quaeso:

107 3077 296 3164 Trojugena,
309 3088 448 3162 mterpres
462 3084 569 3156 divum,
582 3084 632 3160 qui
644 3084 763 3141 numina
775 3081 887 3152 Phoebi,

86 3154 160 3234 Qui
174 3164 314 3242 tripodas,
328 3163 415 3222 Clarii
427 3164 531 3235 laurus,
545 3163 594 3241 qui
607 3163 699 3221 sidera
711 3162 808 3233 sentis,

88 3229 144 3305 Et
159 3243 314 3303 volucrum
326 3243 447 3321 linguas,
461 3247 491 3301 et
503 3243 634 3321 praepetia
648 3243 744 3300 omina
756 3261 867 3320 pennae,

97 3314 183 3384 Fare
198 3342 412 3401 age—namque
425 3343 539 3381 omnem
551 3343 666 3381 cursum
679 3321 751 3380 mihi
764 3333 897 3399 prospera
909 3318 981 3377 dixit

99 3394 234 3481 Religio,
248 3406 278 3461 et
291 3403 388 3461 cuncti
401 3406 549 3461 suaserrmt
562 3402 678 3460 numine
692 3401 751 3459 divi

106 3478 230 3542 ltaliam
243 3485 347 3559 petere,
360 3485 390 3541 et
403 3487 493 3542 terras
506 3485 619 3541 tentare
631 3484 775 3559 repostas;

109 3561 177 3622 Sola
189 3581 298 3620 novum
311 3562 445 3639 dictuque
458 3562 536 3620 nefas
549 3561 680 3640 Harpyia
693 3560 804 3619 Celaeno

111 3641 282 3719 Prodigium
295 3642 381 3713 canit,
396 3645 426 3701 et
439 3641 537 3700 tristes
551 3641 703 3699 denuntiat
715 3641 780 3711 iras,
988 3706 992 3713 ‚

113 3722 328 3798 Obscenamque
340 3721 546 3798 famem-quae
558 3721 650 3798 prima
661 3720 786 3798 pericula
797 3718 859 3776 vito
869 3715 883 3776 Ρ

114 3800 245 3877 Quidque
257 3821 376 3878 sequens
388 3804 486 3860 tantos
499 3801 605 3877 possim
618 3819 749 3876 superare
760 3797 870 3856 labores
879 3794 903 3855 θ’

114 3881 174 3940 Hic
187 3879 326 3953 Helenus,
340 3880 417 3939 caesis
430 3881 553 3958 primum
566 3880 602 3938 de
614 3899 693 3937 more
701 3877 839 3954 juvencis,
1052 3946 1056 3953 Ι
1135 3928 1138 3933 .

8 3978 17 4075 q
115 3959 226 4020 Exorat
237 3980 336 4040 pacem
348 3960 456 4035 divum,
468 3961 612 4037 vittasque
624 3958 740 4018 resolvit
1022 3948 1071 4015 'it¹
1140 3948 1190 4015 ln}

1051 4004 1213 4079 efflatu?
