2446 4260
136 203 195 262 256
432 214 614 258 munerun
627 215 770 259 neamus

137 360 192 419 Dis
206 359 302 419 sedem
315 358 448 437 exiguam
460 358 560 436 patriis
573 357 698 436 litusque
711 379 846 436 rogamus

138 441 309 512 Innocuum,
323 443 353 498 et
367 439 478 498 cunctis
491 438 653 515 undamque
667 459 820 517 auramque
833 441 988 518 patentem.

138 521 209 579 Non
222 520 326 578 erimus
340 539 428 596 regno
441 518 601 577 indecores:
623 539 674 577 nec
687 522 784 578 vestra
797 520 905 580 feretur

140 600 232 659 Tama
244 599 323 672 levis,
336 599 448 657 tantive
461 598 602 657 abolescet
615 599 708 676 gratia
721 599 807 672 faoti3

139 680 203 739 Nec
217 679 332 757 Trojam
345 677 488 736 Ausonios
502 678 610 756 gremio
624 678 764 756 excepisse
776 679 897 758 pigebit.

140 759 216 818 Fata
227 779 278 836 per
290 758 387 817 AEneee
396 758 472 836 juro,
485 757 670 835 dextramque
682 762 841 835 potentem,

140 839 206 897 Sive
219 839 283 911 fide,
297 858 347 896 seu
361 838 423 914 quis
435 837 511 896 bello
524 841 568 896 est
581 841 714 916 expertus
727 840 758 897 et
771 839 875 910 armis3

139 918 231 976 Multi
244 939 296 977 nos
309 917 414 995 populi,
427 919 603 976 multae-ne
615 921 721 990 temne,
735 919 811 994 quod
824 919 901 977 ultro

140 997 322 1056 Praeferimus
334 998 465 1056 manibus
478 997 568 1055 vittas
582 999 713 1057 aeverba
724 999 911 1075 precantia—

139 1078 183 1136 Et
195 1078 301 1155 petiere
315 1077 369 1136 sibi
382 1079 412 1136 et
424 1077 540 1135 voluere
553 1076 706 1154 adjungere
719 1080 829 1154 gentes.

140 1157 197 1216 Sed
210 1177 262 1215 nos
275 1157 336 1215 fata
348 1157 433 1214 deum
445 1159 554 1215 vestras
569 1157 712 1233 exquirere
724 1159 816 1215 terras

140 1237 273 1314 Imperiis
287 1256 368 1313 egere
381 1236 448 1294 suis.
489 1236 568 1294 Hinc
581 1235 732 1294 Dardanus
747 1239 843 1295 ortus:

140 1316 210 1375 Huc
223 1317 336 1394 repetit,
346 1316 487 1394 jussisque
499 1315 664 1392 ingentibus
678 1319 763 1394 urget
776 1317 880 1394 Apollo

141 1397 322 1474 Tyrrhenum
335 1396 372 1453 ad
385 1395 526 1472 Thybrim
539 1398 569 1452 et
582 1394 670 1453 fontis
682 1396 756 1453 vada
769 1416 849 1455 sacra
861 1395 986 1455 Numici.

140 1475 201 1534 Dat
214 1476 270 1535 tibi
281 1479 418 1553 praeterea
430 1475 552 1532 fortunar
565 1494 653 1551 parva
665 1475 766 1553 prioris
845 1476 847 1480 ⁴

139 1555 271 1628 Munera,
284 1554 416 1631 reliquias
430 1554 515 1633 Troja
528 1574 562 1612 ex
577 1555 693 1613 ardente
707 1559 844 1633 receptas.

140 1634 208 1694 Hoc
220 1639 303 1713 pater
315 1634 455 1694 Anchises
469 1654 536 1693 auro
549 1634 657 1693 libabat
670 1635 707 1693 ad
720 1655 798 1694 aras:

140 1714 208 1774 Hoc
222 1715 330 1774 Priami
343 1717 491 1793 gestamen
504 1717 574 1786 erat,
588 1736 676 1792 quum
685 1715 752 1792 jura
764 1715 873 1774 vocatis

140 1794 225 1854 More
239 1796 319 1854 daret
332 1794 452 1872 populis,
466 1797 664 1871 sceptrumque
678 1815 810 1873 sacerque
822 1795 920 1867 tiaras,

103 1909 108 1917 ·
141 1874 320 1952 Iliadumque
333 1874 413 1932 labor
424 1874 548 1932 vestes.”

181 1955 297 2014 Talibus
311 1953 414 2012 Ilionei
426 1953 511 2012 dictis
525 1952 617 2011 defixa
630 1952 752 2012 Latinus

141 2034 256 2094 Obtutu
268 2037 350 2094 tenet
363 2053 420 2106 ora,
434 2033 549 2110 soloque
562 2033 716 2091 immobilis
729 2034 829 2106 haeret,

110 2110 114 2125 ⁴
141 2114 276 2174 Intentos
289 2114 405 2173 volvens
419 2113 523 2171 oeulos.
563 2112 627 2171 Nec
640 2131 766 2190 purpura
778 2133 876 2192 regem

141 2193 226 2253 Picta
238 2197 344 2266 movet,
357 2213 409 2252 nec
423 2195 534 2271 sceptra
546 2197 664 2251 movent
678 2193 821 2252 Priameia
833 2194 959 2266 tantum,

141 2275 290 2346 Quantum
302 2274 333 2331 in
347 2273 487 2331 connubio
500 2275 575 2330 natae
588 2272 771 2350 thalamoque
785 2277 931 2345 moratur3

140 2354 183 2411 Et
196 2353 300 2413 veteris
314 2352 408 2410 Fauni
420 2352 511 2409 volvit
525 2353 578 2410 sub
591 2356 705 2430 pectore
719 2356 834 2411 sortem.

140 2433 230 2492 Hunc
242 2433 324 2491 illum
337 2432 404 2489 fatis
418 2434 534 2490 externa
547 2433 583 2490 ab
597 2433 661 2490 sede
674 2433 834 2510 profectum

140 2512 278 2572 Portendi
292 2532 438 2591 generum,
451 2511 621 2588 paribusque
634 2512 665 2570 in
678 2532 766 2589 regna
778 2511 874 2570 vocari

140 2593 299 2670 Auspiciis,
318 2592 386 2650 huic
399 2591 563 2669 progeniem
576 2592 684 2650 virtute
697 2592 825 2650 annam

139 2673 304 2750 Egregium,
318 2676 348 2730 et
361 2675 458 2730 totum
472 2691 535 2748 quae
548 2671 655 2730 viribus
669 2674 788 2749 occupet
801 2670 908 2730 orbem.

139 2754 266 2811 Tandem
278 2752 362 2811 laetus
377 2752 436 2810 ait:
458 2752 526 2809 “Di
538 2754 638 2810 nostra
649 2751 764 2828 incepta
776 2752 942 2821 secundent,

139 2833 358 2910 Auguriumque
372 2832 472 2890 suum!
513 2831 647 2902 Dabitur,
662 2831 791 2909 Trojane,
806 2831 882 2908 quod
898 2834 1000 2909 optas:

139 2914 263 2970 Munera
275 2931 327 2970 nec
341 2931 450 2988 sperno.
491 2910 561 2968 Non
573 2911 663 2982 nobie,
677 2931 744 2988 rege
758 2911 874 2984 Latino,

139 2992 248 3050 Divitis
262 2992 331 3050 uber
345 2992 407 3068 agri
420 2990 548 3068 Trojaeve
562 2990 709 3067 opulentia
722 2991 820 3049 deerit.

139 3073 207 3150 Ipse
220 3071 305 3130 modo
319 3071 432 3142 AEneas,
445 3071 538 3128 nostri
551 3070 576 3128 si
588 3073 672 3129 tanta
685 3070 787 3147 cupido
801 3072 854 3143 est,

139 3153 171 3210 Si
180 3151 265 3230 jungi
278 3150 403 3227 hospitio
416 3153 548 3228 properat
562 3150 709 3226 sociusque
722 3150 825 3223 vocari,

139 3231 300 3302 Adveniat3
320 3230 417 3288 vultus
430 3250 501 3288 neve
514 3229 694 3288 exhorrescat
707 3230 821 3288 amieos.

139 3311 210 3370 Pars
223 3310 296 3369 mihi
308 3309 385 3387 pacis
399 3310 452 3368 erit
465 3311 595 3368 dextram
607 3310 738 3387 tetigisse
751 3307 877 3387 tyranni.

140 3392 198 3450 Vos
212 3392 313 3450 eontra
325 3389 386 3467 regi
399 3409 463 3447 mea
475 3410 551 3447 nunc
563 3389 699 3447 mandata
712 3389 822 3448 referte.

138 3472 195 3530 Est
208 3470 280 3529 mihi
293 3471 370 3542 nata,
382 3469 444 3526 viro
457 3469 552 3546 gentis
566 3489 650 3547 quam
659 3470 781 3547 jungere
793 3470 909 3539 nostrae,

137 3551 208 3610 Non
220 3549 313 3628 patrio
327 3570 361 3608 ex
375 3549 463 3626 adyto
477 3551 577 3620 sortes,
590 3570 649 3607 non
661 3549 784 3626 plurima
797 3549 868 3607 coelo

137 3631 273 3690 Monstra
286 3630 400 3687 sinunt:
422 3647 540 3705 generos
554 3629 677 3686 externis
693 3629 779 3687 affore
793 3629 829 3687 ab
842 3626 908 3698 oris,

138 3711 205 3769 Hoc
219 3710 304 3768 Latio
318 3713 424 3768 restare
438 3711 553 3779 canunt,
568 3708 617 3784 qui
630 3709 768 3786 sanguine
781 3711 915 3766 nostrum

137 3790 254 3849 Nomen
266 3790 297 3847 in
311 3793 388 3848 astra
400 3789 502 3847 ferant.
542 3787 632 3846 Hunc
645 3788 728 3846 illum
741 3808 855 3866 poscere
869 3787 931 3845 fata

133 3871 178 3931 Et
190 3891 264 3945 reor,
278 3872 318 3945 et,
331 3869 357 3931 si
370 3868 442 3950 quid
450 3867 515 3928 ueri
524 3887 607 3927 mens
618 3871 753 3944 augurat,
762 3868 862 3942 oqto.''

130 3955 211 4017 Haec
226 3954 343 4032 effatus,
358 3972 450 4034 equos
461 3968 586 4010 numero
597 3949 681 4024 pater
695 3946 779 4023 eligit
790 3944 881 4000 omni.
