2446 4260
204 221 268 282 278·
509 237 536 279 12.
550 236 691 279 mersu
704 235 846 280 mucosus

206 379 361 456 AEquavit3
380 381 445 438 tum
458 399 502 438 res
516 378 613 456 inopes
627 379 779 437 Evandrus
792 379 924 438 habebat.
1039 377 1040 381 ’

207 459 293 517 Ocius
307 460 461 517 advertunt
474 479 579 536 proras,
593 459 712 534 urbique
725 459 926 536 propinquant.

135 586 140 599 .
247 539 336 597 Forte
349 539 394 597 die
407 539 562 597 solemnem
574 539 624 596 illo
637 558 686 597 rex
700 539 789 597 Arcss
802 539 941 599 honorem

207 618 475 696 Amphitryoniadae
488 638 592 696 magno
606 618 734 695 divisque
747 619 855 677 ferebat

208 698 286 756 Ante
299 698 399 757 urbem
412 699 442 755 in
456 698 529 756 lucc.
571 698 664 756 Pallas
678 698 744 756 huic
758 698 834 756 filius
846 719 913 770 una,

208 777 276 835 Una
288 798 385 836 omnes
395 777 534 855 juvenum
547 777 641 855 primi,
654 797 815 855 pauperque
828 783 953 851 senatus,

207 856 307 915 'l'hurs
319 858 442 929 dsbant3
461 857 630 934 tepidusque
643 877 725 915 cruor
738 858 867 916 fumabat
881 859 916 917 ad
930 877 1002 916 aras.

208 936 253 994 Ut
266 936 354 994 celsas
366 937 461 995 videre
474 940 558 1007 rates,
572 940 658 1015 atque
670 936 747 995 inter
760 958 879 1015 opacum

208 1015 304 1074 Allsbi
315 1036 425 1087 nemus,
439 1019 469 1074 et
482 1017 578 1074 tacitis
591 1017 753 1076 incumbere
765 1017 867 1075 remis:

208 1095 363 1154 Terrentur
375 1096 439 1154 visu
452 1096 556 1168 subito,
570 1097 720 1173 cunctique
732 1096 840 1155 relictis

209 1174 394 1252 Consurgunt
406 1176 519 1234 mensis.
560 1176 663 1234 Audax
676 1196 746 1252 quos
759 1196 889 1253 rumpere
902 1175 999 1234 Pallas

209 1255 295 1312 Sacra
307 1258 396 1327 vetat,
409 1259 546 1331 raptoque
559 1255 639 1314 volat
652 1256 710 1314 telo
724 1256 824 1314 obvius
837 1256 913 1333 ipse3

209 1334 251 1392 Et
263 1335 361 1411 procul
374 1355 390 1393 e
402 1335 532 1393 tumulo:
554 1339 570 1366 “
580 1335 602 1393 J
602 1355 715 1407 uvenes,
729 1355 793 1413 quae
806 1356 890 1394 causa
902 1334 1018 1412 subegit

209 1413 329 1491 Ignotus
342 1417 454 1473 tentare
467 1413 551 1473 vias?
572 1435 628 1492 quo
641 1415 760 1474 tenditis
771 1415 808 1474 ?'’
822 1416 925 1491 inquit.

208 1493 291 1566 “Qui
303 1493 418 1572 genus?
438 1495 513 1552 unde
527 1494 635 1553 domo?
655 1514 790 1570 pacemne
802 1495 859 1553 huc
872 1495 962 1567 fertis,
976 1514 1014 1552 an
1027 1484 1212 1552 armai&

209 1573 284 1631 Tum
297 1577 379 1650 pater
392 1573 497 1632 AEneas
510 1574 599 1651 puppi
613 1573 652 1632 sic
667 1575 744 1632 fatur
757 1574 793 1632 ab
807 1574 874 1646 elta,

210 1652 400 1730 Paciferaeque
413 1674 500 1711 manu
512 1674 624 1711 ramum
637 1655 790 1731 praetendit
804 1654 903 1714 olivae:

210 1737 227 1763 “
236 1732 411 1810 Trojugenas
424 1753 457 1792 sc
469 1734 529 1791 tels
540 1733 618 1791 vides
632 1734 747 1792 inimice
760 1733 889 1807 Latinis3

212 1812 289 1884 Quos
302 1813 346 1870 illi
357 1813 431 1872 bello
444 1813 579 1891 profugos
593 1832 675 1890 egere
688 1815 817 1890 superbo.

210 1892 377 1950 Evandrum
390 1894 522 1971 petimus.
563 1893 650 1951 Ferte
663 1892 725 1951 haec
739 1898 769 1952 et
781 1892 876 1965 dicite,
888 1892 978 1950 lectos

211 1972 364 2031 Dar-danice
377 1972 487 2031 venisse
501 1973 594 2043 duces,
608 1972 684 2030 socia
696 1992 774 2030 arma
786 1972 950 2050 rogantes.’'

211 2051 369 2129 Obstupuit
381 2055 465 2111 tanto
478 2072 626 2129 percussus
639 2052 753 2110 nomine
767 2052 878 2110 Pallas:

211 2135 228 2161 ‘⁴
238 2131 382 2209 Egredere
396 2151 413 2189 ο
427 2131 597 2209 quicumque
611 2132 669 2202 es,‘’
685 2132 735 2204 ait,
749 2136 766 2162 ‘⁴
777 2151 927 2208 corumque
940 2133 1088 2208 parentem

211 2211 371 2286 Alloquere,
384 2231 417 2269 ac
430 2210 536 2269 nostris
550 2211 666 2269 succede
680 2211 830 2288 penatibus
843 2211 975 2288 hospes.’'

211 2290 388 2368 Excepitque
400 2310 497 2361 manu,
511 2291 696 2367 dextramque
709 2292 854 2368 amplexus
867 2290 992 2349 inhaesit.

211 2370 358 2447 Progressi
372 2370 494 2428 subeunt
507 2370 580 2441 luco,
594 2370 769 2448 fluviumque
781 2370 954 2448 relinquunt.

251 2450 327 2506 Tum
339 2470 436 2527 regem
450 2450 555 2508 AEneas
565 2450 653 2509 'dictis
667 2452 771 2508 affatur
784 2452 897 2509 amicis:

211 2529 355 2606 “Optime
370 2529 574 2606 (trojugenum,
588 2531 635 2587 cui
648 2551 694 2588 me
707 2531 823 2588 fortuna
835 2531 951 2608 precari,
1022 2590 1027 2598 ,

211 2609 253 2666 Et
266 2609 342 2667 vitta
355 2617 464 2667 comtos
478 2609 570 2667 voluit
584 2610 758 2686 praetendere
771 2631 881 2681 ramos3

211 2688 280 2746 Non
294 2690 423 2766 equidem
438 2689 566 2760 extimui,
581 2689 714 2748 Danaum
729 2691 805 2767 quod
818 2691 929 2760 ductor,
943 2690 973 2747 et
987 2686 1087 2756 Arcus,
1132 2702 1135 2707 ’

212 2768 349 2846 Quodque
363 2770 399 2827 ab
413 2770 500 2845 stirpe
513 2769 587 2826 sores
601 2770 722 2845 geminis
736 2771 903 2847 conjunctus
917 2766 1047 2837 Atridis;

212 2847 268 2904 Sed
280 2868 344 2907 mea
355 2868 401 2907 me
416 2849 516 2919 virtus,
531 2852 560 2906 et
577 2852 676 2907 sancta
689 2850 802 2907 oracula
814 2849 921 2921 divum,

212 2926 391 3005 Cognatique
404 2932 507 3004 patres,
521 2931 573 2985 tus
585 2931 669 2986 terris
683 2928 776 2986 didita
787 2930 871 3000 fama,

212 3006 388 3084 conjunxere
401 3008 464 3078 tibi,
478 3011 508 3065 et
521 3008 588 3065 fatis
602 3027 684 3085 egere
697 3008 850 3067 volentem.

212 3084 370 3159 Dardanus,
384 3086 480 3146 Iliacae
493 3088 601 3165 primus
614 3091 696 3165 pater
708 3088 787 3147 urbis
801 3093 831 3147 et
844 3090 952 3159 auctor,

211 3793 335 3863 Electra,
349 3796 383 3850 ut
397 3793 477 3852 Graii
494 3793 654 3871 perhibent,
667 3795 818 3853 Atlantide
832 3797 935 3865 cretus,
1037 3860 1043 3871 .

208 3874 374 3935 Advehitur
386 3873 531 3948 Teucros3
549 3874 700 3933 ittectrsm
708 3875 851 3931 munimus
865 3875 947 3932 Atlas

204 3958 322 4037 Edidit,
337 3958 477 4019 aethcrios
487 3958 615 4016 humero
628 3953 682 4032 quir
691 3953 819 4010 sustinet
830 3952 926 4007 odos.
