2446 4260
457 218 599 262 AENEIDOS
612 219 676 261 mr.
690 220 748 262 vn.

115 355 295 438 Expediam,
308 363 339 420 et
348 360 449 438 primae
461 362 598 422 revocabo
611 363 725 422 exordia
737 383 852 442 pugnae.

115 437 168 499 Tu
180 443 291 513 vatem,
303 443 340 499 tu
352 441 426 514 divo,
438 461 530 501 mone.
571 442 675 501 Dicam
687 443 803 504 horrida
815 445 906 520 bella3

115 519 230 580 Dicam
244 520 326 594 acies,
339 524 473 599 actosque
486 522 587 580 animis
600 522 631 580 in
643 522 743 582 funera
754 543 845 602 reges,

115 598 361 738 {yrrhenamque
373 622 499 674 manum,
512 605 662 694 totamque
674 604 727 661 sub
741 623 820 662 arma
833 607 962 665 coactam

153 680 307 757 esperiam.
348 681 443 760 Major
455 702 551 740 rerum
564 682 636 740 111111
648 683 776 741 nascitur
789 685 875 758 ordo;

115 759 224 838 Majus
238 780 309 838 opus
321 780 430 820 moveo.
472 761 536 820 Rex
549 782 617 820 arva
630 761 752 821 Latinus
765 765 796 822 et
808 766 893 824 urbes

115 839 140 897 J
141 860 195 898 am
209 839 303 900 senior
315 840 401 919 longa
413 841 537 919 placidas
549 841 581 900 in
593 861 661 918 pace
673 843 800 919 regebat.

115 919 216 978 Hunc
231 920 332 979 Fauno
345 924 375 979 et
388 921 517 1000 nympha
528 922 661 1000 genitum
674 921 818 982 Laurente
832 923 943 983 Marica

115 999 307 1076 Accipimus:
328 1001 428 1060 Fauno
442 1001 528 1060 Picus
541 1005 638 1080 pater:
659 1001 739 1079 isque
751 1007 899 1080 parentem

115 1079 175 1152 Te,
190 1079 322 1154 Saturne,
334 1082 438 1154 refe1t3
458 1084 493 1140 tu
506 1081 652 1159 sanguinis
665 1082 785 1141 ultimus
799 1087 907 1143 auctor.

119 1158 219 1218 Filius
233 1159 309 1233 huic,
322 1161 383 1219 fato
396 1161 504 1233 divum,
517 1162 665 1239 prolesque
677 1161 768 1220 virilis

118 1238 216 1298 Nulla
228 1239 293 1313 fuit
306 1240 452 1320 primaque
465 1241 557 1300 oriens
571 1244 668 1318 erepta
676 1241 798 1319 juventa
811 1246 864 1302 est.

124 1318 193 1378 Sola
206 1320 324 1378 domum
336 1323 367 1379 et
379 1323 476 1380 tentas
490 1322 620 1380 servabat
633 1321 692 1378 filia
705 1322 793 1393 sedes,

124 1398 147 1456 J
148 1419 196 1456 am
208 1403 322 1458 matura
334 1401 404 1472 viro,
413 1401 475 1479 jam
488 1401 578 1478 plenis
592 1400 696 1459 nubilis
710 1401 800 1459 annis.

125 1479 218 1538 Multi
230 1480 309 1538 illam
322 1501 427 1558 magno
440 1501 456 1540 e
469 1480 554 1539 Latio
567 1483 686 1555 totaque
698 1481 836 1557 petebant

125 1558 270 1633 Ausonia,
290 1560 365 1638 petit
378 1563 444 1619 ante
457 1562 527 1619 alios
539 1559 745 1637 pulcherrimus
759 1580 856 1619 omnes

126 1638 250 1711 Tmnus,
264 1641 323 1698 avis
336 1640 482 1718 atavisque
494 1643 613 1718 potens;
634 1659 719 1715 quem
731 1640 810 1717 regia
823 1640 926 1720 conjux

125 1719 256 1797 Adjungi
268 1740 404 1797 generum
416 1721 489 1779 miro
501 1720 671 1798 properabat
684 1739 796 1792 amore3

127 1799 182 1857 Sed
194 1800 281 1858 variis
294 1803 429 1877 portenta
441 1801 525 1859 deum
538 1799 694 1858 terroribus
708 1800 835 1858 obstant.

126 1878 238 1937 Laurus
251 1883 312 1938 erat
325 1880 397 1940 tecti
409 1880 503 1938 medio
515 1880 546 1936 in
558 1878 751 1956 penetralibus
765 1879 841 1952 altis,

127 1959 211 2018 Sacra
224 1979 344 2032 comam,
356 1960 520 2036 multosque
531 1962 614 2018 metu
627 1962 739 2018 servata
751 1980 802 2037 per
814 1979 919 2018 annos:

126 2039 219 2111 Quam
231 2044 314 2118 pater
326 2039 480 2112 inventam,
493 2038 599 2116 primas
613 2059 701 2115 quum
715 2039 849 2098 conderet
862 2059 948 2111 arces,

125 2119 192 2196 Ipse
205 2120 349 2179 ferebatur
361 2120 472 2178 Phoebo
486 2139 608 2178 sacrasse
621 2118 752 2190 Latinus,

125 2198 332 2275 Laurentisque
346 2201 381 2259 ab
395 2220 428 2258 ea
439 2219 544 2257 nomen
556 2198 682 2276 posuisse
696 2198 812 2257 colonis.

124 2279 222 2357 Hujus
236 2300 302 2358 apes
315 2299 459 2338 summum
472 2279 577 2350 densa,
590 2278 718 2337 mirabile
732 2278 820 2350 dictu,

124 2358 253 2418 Stridore
265 2359 378 2437 ingenti
389 2359 530 2436 liquidum
542 2362 623 2416 trans
637 2359 746 2416 athera
758 2363 857 2429 vectae,

124 2438 267 2498 Obsedere
280 2438 404 2516 apicem3
424 2443 463 2511 et,
475 2439 594 2516 pedibus
606 2458 657 2515 per
669 2442 772 2495 mutua
784 2438 873 2509 nexis,

124 2519 254 2577 Examen
267 2519 396 2578 subitum
408 2540 487 2577 ramo
500 2519 650 2577 frondente
663 2517 807 2595 pependit.

124 2597 269 2658 Continuo
282 2603 371 2671 vates,
385 2599 572 2658 “Externum
586 2597 755 2668 cemimus,’'
770 2596 873 2674 inquit,

124 2679 314 2738 “Adventare
326 2680 429 2751 virum,
443 2682 473 2737 et
485 2682 580 2756 partes
593 2680 690 2754 petere
703 2696 806 2753 agmen
820 2676 932 2734 easdem

124 2756 259 2817 Partibus
274 2778 308 2818 ex
320 2759 419 2830 isdem,
432 2761 462 2817 et
476 2778 588 2816 summa
600 2756 770 2814 dominarier
782 2756 874 2815 arce.”

124 2837 278 2910 Praeterea,
291 2838 377 2897 castis
391 2839 486 2897 adolet
499 2839 568 2896 dum
582 2837 681 2895 altaria
693 2835 787 2906 taedis,

125 2915 167 2975 Ut
176 2918 263 2995 juxta
275 2919 435 2995 genitorem
448 2918 544 2976 adstat
558 2916 678 2974 Lavinia
690 2916 780 2992 virgo,

124 2992 201 3069 Visa,
214 2998 309 3058 nefas!
330 2999 424 3076 longis
437 2997 637 3074 comprendere
649 2995 773 3054 crinibus
785 2994 891 3071 ignem,

124 3077 221 3154 Atque
234 3097 349 3136 omnem
362 3080 495 3137 ornatum
508 3077 624 3135 flamma
637 3075 793 3152 crepitante
807 3074 934 3147 cremari,

125 3154 302 3234 Regalesque
315 3178 431 3217 accensa
443 3177 546 3228 comas,
560 3175 676 3214 accensa
688 3174 830 3225 coronam,

125 3235 273 3315 Insignem
286 3238 424 3315 gemmis3
444 3239 509 3294 tum
522 3235 631 3294 fumida
642 3234 749 3292 lumine
762 3232 843 3291 fulvo

125 3313 246 3390 Involvi‚
260 3337 292 3376 11
305 3318 377 3375 totis
390 3317 552 3375 Vulcanum
565 3333 695 3392 spargere
708 3314 802 3372 tectis.

124 3395 159 3455 Id
172 3418 240 3456 vero
253 3398 427 3457 horrendum
440 3417 473 3455 ac
486 3396 550 3454 visu
561 3394 689 3452 mirabile
702 3393 785 3452 ferri:

123 3473 256 3555 Namque
268 3478 328 3537 fore
340 3478 481 3536 illustrem
493 3476 570 3534 fama
582 3474 704 3550 fatisque
718 3475 857 3532 canebant

122 3554 236 3636 Ipsam;
251 3557 300 3616 sed
313 3558 418 3635 populo
431 3575 569 3634 magnum
581 3554 749 3632 portendere
762 3553 877 3612 bellum.

118 3639 162 3697 At
176 3659 227 3697 rex
240 3638 378 3697 sollicitus
392 3637 528 3696 monstris
541 3635 653 3694 oracula
666 3634 769 3705 Fauni,

118 3715 247 3777 Fatidici
259 3717 406 3795 genitoris,
420 3717 489 3789 adit,
503 3717 636 3792 lucosque
650 3715 702 3773 sub
717 3714 777 3771 alta
863 3777 865 3781 ,

116 3798 253 3857 Consulit
266 3799 413 3856 Albunea:
435 3817 583 3856 nemorum
597 3813 661 3871 quae
674 3793 797 3851 maxima
810 3810 889 3849 sacro

115 3874 216 3937 Fonte
229 3881 322 3950 sonat,
336 3897 495 3953 saevamque
509 3875 622 3934 exhalat
636 3892 723 3951 opaca
735 3871 895 3950 mephitim.

115 3955 197 4015 Hinc
207 3957 295 4014 Itala
304 3960 417 4033 gentes,
431 3955 582 4034 omnisque
597 3953 735 4016 OEnotria
746 3952 846 4031 tellus,
