2446 4260
455 225 635 270 GEOBOEOON
654 227 717 270 mu.
731 226 753 269 Ι.

149 363 228 445 Usque
242 365 296 427 sub
310 370 471 428 extremum
483 370 590 429 brumae
602 370 791 430 intractabilis
804 368 940 431 imbrem:

145 445 193 506 Nec
205 469 264 508 nou
277 452 308 508 et
321 449 373 506 lini
386 461 513 527 segetem
525 453 555 509 et
570 449 683 509 Cereale
695 471 818 529 papaver

143 525 254 605 Tempus
267 528 357 587 humo
369 532 475 607 tegere,
489 533 518 589 et
527 530 698 608 jamdudum
710 531 872 590 incumbere
885 531 995 604 aratris

140 605 208 666 Dum
222 608 299 666 sicea
311 609 412 668 tellure
424 609 501 681 lieet,
514 610 584 668 dum
596 610 695 668 nubila
707 611 842 687 pendent.

139 685 202 746 Vere
215 687 289 746 fabis
304 688 393 762 sati03
412 691 478 747 tum
490 692 521 748 te
535 709 654 767 quoque,
668 690 790 762 Medica,
804 694 903 769 putres

136 766 286 845 Accipiunt
299 767 378 840 sulci,
392 770 422 827 et
435 769 514 828 milio
526 769 607 828 venit
620 790 715 828 annua
727 788 802 842 cura,

135 845 275 906 Candidus
288 849 396 906 auratis
409 849 500 926 aperit
513 869 603 926 quum
615 849 747 907 cornibus
760 870 868 910 annum

133 925 249 999 Taurus,
263 931 294 986 et
307 928 425 988 adverso
438 929 538 987 cedens
552 929 638 987 Oanis
651 929 755 987 occidit
767 933 854 990 astro.

132 1007 171 1063 At
186 1008 211 1064 si
224 1007 369 1066 triticeam
382 1008 413 1065 in
426 1029 547 1068 messem
559 1009 731 1086 robustaque
743 1009 819 1068 farra

132 1086 283 1145 Exercebis
296 1087 426 1156 humum,
439 1089 561 1166 solisque
573 1089 693 1148 instabis
707 1090 810 1162 aristis,

132 1167 208 1225 Ante
220 1167 277 1225 tibi
291 1167 362 1226 Eoae
377 1168 539 1226 Atlantides
553 1169 771 1241 abscondantur,

133 1246 295 1324 Gnosiaque
307 1247 432 1306 ardentis
446 1248 563 1307 decedat
577 1249 660 1307 stella
674 1248 801 1320 Corone,

133 1325 239 1384 Debita
251 1346 338 1404 quarn
351 1327 435 1386 sulcis
449 1328 613 1386 committas
626 1327 742 1400 semina,
756 1347 897 1406 quamque

133 1404 238 1464 Invitae
252 1426 384 1483 properes
397 1408 464 1465 anni
477 1427 557 1484 spem
569 1408 680 1466 credere
693 1412 788 1466 terra.

133 1483 221 1543 Multi
235 1489 303 1543 ante
316 1506 447 1545 occasum
460 1488 546 1545 Maiae
560 1507 684 1564 coepere3
711 1487 761 1546 sed
772 1487 836 1546 illos

134 1563 294 1642 Expectata
307 1586 386 1642 seges
399 1567 479 1624 vanis
493 1567 578 1625 elusit
592 1567 694 1625 aristis.

135 1643 162 1700 Si
173 1664 241 1702 vero
254 1645 412 1722 viciamque
425 1665 499 1705 seres
511 1647 652 1722 vilemque
664 1645 792 1719 faselum,

135 1723 193 1782 Nec
207 1724 361 1783 Pelusiacae
375 1745 471 1784 curam
484 1726 666 1804 aspernabere
678 1725 773 1796 lentis,

136 1802 221 1861 Haud
234 1805 353 1862 obscura
366 1806 466 1864 cadens
479 1806 579 1864 mittet
592 1805 648 1864 tibi
660 1806 742 1883 signa
755 1805 879 1877 Bootes3

136 1881 239 1960 Incipe,
252 1887 284 1942 et
298 1885 334 1941 ad
346 1884 452 1943 medias
465 1889 622 1944 sementem
634 1885 755 1943 extende
772 1886 896 1962 pruinas.

172 1962 285 2021 Idcirco
298 1964 383 2022 certis
396 1965 555 2024 dimensum
569 1965 697 2042 partibus
711 1965 808 2023 orbem

137 2040 189 2100 Per
201 2043 333 2101 duodena
344 2044 419 2122 regit
432 2045 532 2103 muudi
545 2044 594 2103 Sol
607 2065 707 2103 aureus
721 2047 806 2103 astra.

138 2121 265 2199 Quinque
278 2125 379 2182 tenent
393 2125 495 2183 coelum
508 2144 603 2183 zonae:
625 2144 745 2202 quarum
758 2143 815 2181 una
828 2142 944 2181 corusco

138 2201 251 2279 Semper
264 2202 322 2260 sole
335 2202 437 2262 rubens
451 2207 481 2263 et
493 2205 602 2263 torrida
615 2224 725 2281 semper
738 2204 774 2261 ab
787 2203 864 2280 igni3

138 2281 226 2352 Quam
239 2281 347 2340 circum
360 2287 491 2342 extremes
504 2285 604 2342 dextra
615 2283 743 2361 laevaque
756 2283 920 2353 trahuntur,

138 2359 261 2419 Caerulea
273 2362 362 2439 glacie
376 2367 515 2422 concretae
529 2367 614 2441 atque
626 2364 765 2422 imbribus
779 2362 864 2421 atris:

137 2439 197 2499 Has
210 2441 288 2499 inter
300 2441 477 2520 mediamque
490 2444 552 2501 duae
564 2444 732 2502 mortalibus
745 2442 827 2520 aegris

138 2518 256 2579 Munere
269 2540 408 2580 concessae
421 2522 536 2595 divum3
561 2523 609 2582 via
621 2527 699 2581 secta
710 2543 761 2601 per
774 2521 879 2592 ambas,

138 2599 275 2677 Obliquus
289 2621 387 2678 quase
401 2602 547 2679 signorum
559 2605 684 2661 verteret
698 2602 775 2660 ordo.

137 2678 272 2751 Mundus,
285 2684 320 2739 ut
334 2681 369 2738 ad
383 2681 532 2759 Scythiam
545 2682 733 2760 Rbipaeasque
746 2680 850 2738 arduus
863 2699 939 2738 arces

137 2758 299 2837 Consurgit,
312 2760 452 2837 premitur
464 2761 566 2840 Libyae
580 2762 702 2820 devexus
714 2761 745 2819 in
758 2763 878 2818 austros

136 2836 192 2897 Hic
205 2844 307 2897 vertex
318 2840 400 2898 nobis
414 2861 523 2918 semper
536 2841 663 2899 sublimis
674 2865 681 2913 ;
701 2843 732 2899 at
744 2840 827 2899 illum

137 2917 193 2976 Sub
205 2919 326 2996 pedibus
340 2919 414 2997 Styx
427 2924 490 2979 atra
502 2921 580 2979 videt
594 2920 752 2998 Manesque
764 2918 905 2997 profrmdi.

137 2996 280 3056 Maximus
293 2999 340 3057 hic
353 2999 429 3058 flexu
441 3000 554 3058 sinuoso
567 3000 688 3058 elabitur
701 2999 802 3077 anguis

137 3078 250 3136 Circum
263 3099 367 3156 perque
380 3079 450 3136 duas
463 3079 494 3137 in
506 3099 615 3138 morem
627 3079 752 3137 fluminis
765 3079 879 3149 Arctos,

136 3158 239 3216 Arctos
253 3158 350 3216 oceani
362 3161 523 3218 metuentes
537 3179 648 3236 aequore
661 3158 753 3237 tingi:

137 3236 207 3309 Illic,
221 3240 257 3295 ut
270 3237 429 3314 perhibent,
444 3242 494 3297 aut
505 3239 679 3316 intempesta
690 3238 755 3296 silet
768 3258 834 3308 uox,

137 3317 252 3394 Semper
265 3319 295 3375 et
309 3318 429 3376 obtenta
441 3319 596 3376 densantur
608 3321 693 3377 nocte
705 3318 849 3376 tenebrae:

135 3398 196 3455 Aut
210 3397 286 3456 redit
299 3417 316 3456 a
328 3397 410 3456 nobis
423 3399 542 3471 Aurora,
555 3399 686 3475 diemque
699 3397 825 3467 reducit;

137 3476 254 3554 Nosque
267 3477 317 3535 ubi
329 3477 437 3554 primus
451 3477 529 3555 equis
543 3478 644 3536 Oriens
657 3476 763 3535 afflavit
777 3474 896 3546 anhelis,

137 3555 200 3615 Illic
213 3577 276 3615 sera
287 3558 392 3615 rubens
406 3557 533 3616 accendit
545 3557 655 3616 lumina
666 3556 783 3633 Vesper.

137 3635 215 3695 Hinc
228 3639 414 3713 tempestates
428 3637 514 3695 dubio
527 3637 693 3715 praediscere
706 3635 776 3694 coelo

138 3715 301 3787 Possumus,
314 3716 383 3774 hinc
396 3716 550 3793 messisque
564 3716 639 3774 diem
652 3719 821 3793 tempusque
834 3711 960 3783 serendi3

138 3794 178 3853 Et
191 3796 304 3872 quando
317 3795 439 3854 infidum
451 3796 535 3855 remis
547 3796 690 3873 impellere
702 3814 827 3852 marmor

139 3872 312 3947 Conveniat3
333 3876 445 3952 quando
458 3878 582 3934 armatas
595 3876 731 3933 deducere
744 3873 854 3944 classes,

140 3954 199 4013 Aut
213 3955 418 4033 tempestivam
431 3955 511 4014 silvis
524 3958 650 4015 evertere
662 3953 771 4032 pinum.
