2370 4260
142 207 182 266 94
446 224 473 266 r.
486 223 626 268 mcum
639 224 781 270 maome

142 366 206 439 Quo
218 368 315 425 totum
327 365 390 424 nati
402 385 503 444 corpus
515 366 646 444 perduxit
657 391 664 435 ;
684 370 716 426 at
728 367 772 428 illi

141 446 242 505 Dulcis
255 446 418 523 compositis
432 447 550 524 spiravit
563 446 687 506 crinibus
700 467 777 520 aura,

143 527 241 603 Atque
253 526 354 584 habilis
367 526 501 584 membris
513 526 592 585 venit
605 526 695 605 vigore
736 527 793 586 Est
806 547 905 606 specus
917 529 1014 608 ingens

142 605 228 664 Exesi
240 605 328 664 lutere
340 606 372 663 in
384 605 500 678 montis,
513 626 569 682 quo
581 605 704 684 plmima
714 610 804 666 vento

140 683 261 763 Cogitur
272 685 358 761 inque
371 685 449 743 sinus
462 685 567 744 scindit
579 705 638 745 sese
650 686 729 745 unda
739 687 881 760 reductos,

138 764 292 842 Deprensis
306 764 375 823 olim
388 765 474 824 statio
484 765 630 825 tutissima
640 766 753 838 nautis3

139 843 225 903 Intus
238 865 268 904 se
280 844 355 905 vasti
367 845 489 904 Proteus
501 844 577 923 tegit
589 845 679 925 objice
692 844 761 905 saxi.

139 924 199 983 Hic
208 925 342 1003 juvenem
354 924 386 982 in
397 924 513 983 latebris
526 945 656 984 aversum
669 925 806 985 alumine
818 926 959 1006 Nympha

139 1003 283 1076 Collocat;
302 1005 364 1082 ipsa
375 1005 474 1081 procul
486 1005 595 1064 nebulis
608 1005 727 1065 obscura
738 1006 856 1065 resistit.

139 1083 162 1142 J
162 1103 209 1142 am
220 1084 335 1161 rapidus
347 1086 458 1142 torrens
471 1084 599 1144 sitientes
612 1084 702 1144 Sirius
715 1084 804 1145 Indos

139 1163 284 1236 Ardebat3
304 1163 375 1221 coelo
387 1167 418 1222 et
430 1163 556 1222 medium
569 1164 618 1224 Sol
630 1164 732 1243 igneus
745 1165 843 1225 orbem

140 1243 285 1303 Hauserat
295 1268 302 1316 ;
322 1243 439 1301 arebant
451 1243 554 1316 herbae,
567 1247 598 1303 et
610 1263 679 1303 cava
691 1245 810 1303 flumina
821 1244 903 1304 siccis

139 1324 281 1382 Faucibus
295 1322 330 1381 ad
342 1323 443 1381 limum
456 1323 527 1381 radii
539 1323 681 1401 tepefacta
692 1324 868 1402 coquebant;

140 1402 236 1475 Quum
248 1403 369 1462 Proteus
382 1406 518 1461 consueta
529 1406 628 1480 petens
641 1423 658 1462 e
670 1404 805 1463 fluctibus
818 1407 902 1464 antra
1003 1462 1005 1468 .

139 1482 224 1542 Ibat:
244 1503 310 1542 eum
322 1482 397 1542 vasti
410 1482 516 1541 circum
528 1502 598 1560 gens
611 1482 730 1542 humida
740 1485 824 1562 ponti

138 1562 294 1624 Exsultens
306 1583 399 1621 rorem
411 1563 469 1621 late
482 1562 614 1641 dispersit
626 1582 763 1622 amarum.

139 1643 279 1701 Sternunt
292 1663 322 1701 se
335 1663 434 1702 somno
448 1642 564 1700 diversae
575 1642 607 1700 in
620 1641 705 1702 litore
717 1643 833 1721 phocae:

138 1721 214 1799 Ipse,
226 1723 306 1781 velut
319 1722 424 1780 stabuli
437 1725 532 1780 custos
545 1723 576 1779 in
589 1722 734 1782 montibus
747 1723 824 1795 olim,

138 1802 245 1880 Vesper
257 1802 307 1860 ubi
319 1822 335 1860 e
347 1805 432 1878 pastu
444 1801 550 1860 vitulos
564 1801 601 1860 ad
612 1804 691 1860 tecte
702 1802 821 1874 reducit,

137 1881 308 1959 Auditisque
320 1881 401 1957 lupos
414 1883 520 1939 acuunt
532 1881 674 1940 balatibus
687 1881 762 1960 agni,

139 1961 268 2020 considit
281 1960 396 2038 scopulo
409 1959 526 2031 medius,
539 1980 743 2040 numerumque
756 1965 891 2021 recenset.

139 2041 227 2119 Cujus
241 2040 364 2099 Aristoeo
377 2039 511 2116 quoniam
523 2043 567 2098 est
581 2040 677 2100 obluta
688 2041 816 2114 facultas,

138 2121 195 2178 Vix
208 2120 315 2179 defessa
327 2139 423 2177 senem
435 2138 533 2195 passus
547 2140 713 2197 componere
725 2122 861 2194 membre,

138 2199 212 2258 Cum
225 2201 346 2258 clamore
358 2199 417 2256 ruit
430 2219 543 2276 magno,
555 2200 727 2277 manicisque
736 2201 879 2279 jacentem

138 2280 274 2356 Occupat.
315 2278 368 2336 Ille
381 2299 440 2337 suae
455 2282 554 2337 contra
566 2301 624 2339 non
636 2280 785 2340 immemor
798 2281 877 2354 artis,

138 2359 242 2417 Omnia
254 2358 439 2424 transformat
452 2378 512 2417 sese
524 2360 555 2417 in
567 2360 817 2433 miraculorem,

138 2438 303 2517 Ignemque‚
317 2438 534 2515 horribilemque
547 2440 644 2512 feram,
656 2440 831 2517 fluviumque
843 2439 1009 2518 liquentem.

137 2519 245 2578 Verum
257 2518 307 2576 ubi
319 2518 398 2576 nulle
409 2519 508 2596 fugam
521 2519 625 2596 reperit
637 2519 761 2596 pellacia,
774 2520 868 2578 victus

137 2598 175 2656 In
188 2618 248 2657 sese
260 2599 343 2670 redit,
355 2601 441 2676 atque
453 2599 576 2659 hominis
589 2599 705 2658 tandem
719 2619 766 2658 ore
778 2600 907 2658 locutus:

137 2683 153 2709 “
164 2678 243 2736 Nam
256 2678 318 2754 quis
332 2681 370 2750 te,
379 2679 517 2756 juvenum
530 2678 776 2751 confidentissime,
790 2683 902 2739 nostras

136 2757 159 2816 J
160 2758 231 2816 ussit
245 2757 320 2816 adire
334 2759 457 2818 domus?
475 2759 577 2837 quidve
590 2759 657 2817 hinc
670 2758 743 2836 petis
753 2758 767 2818 Ρ
777 2759 795 2784 ”
816 2759 920 2835 inquit.
959 2760 1003 2818 At
1015 2761 1058 2824 ille

137 2842 153 2869 “
162 2838 231 2911 Scis,
245 2838 361 2909 Froben,
375 2839 428 2897 scis
441 2840 517 2916 ipse;
536 2859 626 2916 neque
639 2842 684 2897 est
696 2842 727 2896 te
740 2839 836 2897 fallere
849 2839 1020 2918 quidquam

137 2917 193 2976 Sed
206 2920 241 2975 tu
254 2917 349 2976 desine
363 2918 441 2976 velle.
481 2920 576 2978 Deum
588 2921 728 2996 precepta
740 2917 839 2991 secuti,

135 2997 273 3056 Venimus
286 2997 353 3055 hinc
366 2997 451 3074 lapsis
464 2998 617 3073 quaesitum
630 2997 742 3056 oracula
753 2997 867 3057 rebus.”

136 3077 263 3136 Tantum
276 3078 386 3135 effatus.
425 3078 473 3135 Ad
486 3078 545 3135 haec
558 3080 638 3136 vates
651 3077 681 3135 ri
694 3076 815 3154 denique
828 3078 921 3136 multa

135 3158 276 3216 Ardentes
290 3156 384 3214 oculos
392 3156 512 3214 intorsit
524 3156 632 3215 lumine
645 3155 754 3234 glauco,

135 3237 177 3295 Et
191 3236 315 3314 graviter
326 3235 465 3307 frendens,
479 3236 518 3294 sic
531 3236 598 3295 fatis
611 3256 660 3294 ora
671 3236 804 3295 resolvit:

174 3316 269 3374 “Non
281 3318 312 3373 te
324 3314 428 3372 nullius
442 3319 571 3375 exercent
584 3315 709 3374 numinis
721 3316 780 3375 irae.

135 3396 245 3474 Magna
256 3394 311 3453 luis
325 3393 488 3452 commissa:
509 3395 564 3454 tibi
576 3395 628 3453 has
640 3395 807 3454 miserabilis
820 3394 950 3472 Orpheus

135 3476 365 3554 Haudquaquam
377 3474 414 3532 ob
426 3475 561 3532 meritum
572 3494 678 3552 poenas,
691 3474 722 3533 ni
736 3475 811 3534 Fata
822 3475 966 3548 resistant,

136 3556 270 3627 Suscitat,
284 3558 313 3614 et
326 3556 408 3631 rapta
420 3553 545 3632 graviter
556 3574 608 3632 pro
622 3553 740 3632 conjuge
753 3555 844 3613 saevit.

135 3635 191 3694 Illa
204 3636 326 3712 quidem,
340 3634 408 3692 dum
420 3637 451 3692 te
464 3634 576 3711 fugeret
588 3654 639 3713 per
650 3634 768 3692 flumina
780 3654 911 3711 praeceps,

135 3714 296 3774 Immunem
308 3717 375 3773 ante
388 3714 472 3792 pedes
485 3714 618 3792 hydrum,
630 3713 769 3772 moritura
781 3714 882 3790 puella,

135 3795 301 3854 servantem
314 3795 388 3871 ripas
402 3795 461 3853 alta
473 3814 531 3853 non
543 3793 617 3853 vidit
629 3794 661 3852 in
673 3793 768 3852 herba.

131 3876 177 3934 At
191 3875 293 3934 chorus
307 3874 421 3952 aequalis
434 3874 586 3956 Dryadum
598 3873 720 3934 clamore
731 3891 880 3948 supremos

120 3955 293 4040 Implerunt
304 3959 443 4035 montes3
460 3956 570 4020 flerunt
583 3952 765 4031 Rhodopeia
776 3967 858 4006 mre
