2446 4260
156 210 217 269 358
456 224 483 265 r.
497 222 796 267 marturianum

159 366 285 443 Imperio
299 365 413 437 accitos,
427 366 487 424 alta
498 365 575 423 intra
587 364 688 422 limina
700 365 789 442 cogit.

159 444 217 503 Olli
230 465 393 516 convenere,
407 445 557 522 fluuntque
571 444 607 503 ad
619 444 699 522 regia
710 444 803 521 plenis

158 525 248 585 Tecta
260 525 322 583 viis.
363 525 449 583 Sedet
462 525 493 583 in
507 524 607 583 mediis
620 528 650 582 et
663 524 805 583 maximus
818 544 890 598 aevo,

158 605 200 662 Et
213 605 322 682 primus
336 605 463 683 sceptris,
476 605 554 663 haud
566 604 635 662 laeta
646 604 750 676 fronte,
764 604 897 665 Latinus.

157 685 255 761 Atque
268 684 315 742 hic
328 685 437 763 legatos
451 684 550 743 AEtola
562 703 597 742 ex
610 685 681 743 urbe
693 683 834 755 remissos,

157 763 228 834 Quae
240 764 372 835 referant,
386 764 439 821 fari
447 764 541 841 jubet,
555 767 585 822 ct
598 784 732 842 responsa
744 764 869 841 reposcit

157 842 264 901 Ordine
277 847 380 902 cuncta
393 863 452 901 suo.
494 844 570 901 Tum
583 844 660 902 facta
673 843 786 902 silentia
798 843 916 921 linguis.

157 921 200 980 Et
212 922 340 981 Venulus
353 923 431 981 dieto
444 942 544 999 pareus
557 923 600 980 ita
613 923 697 981 farier
709 923 794 983 infit:

196 1006 213 1032 “
223 1001 364 1073 Vidimus,
378 1022 394 1059 ο
409 1002 492 1074 cives,
506 1001 677 1061 Diomedem
690 1002 854 1080 Argivaque
867 1005 971 1074 castra,

155 1082 253 1156 Atque
265 1082 321 1140 iter
334 1082 441 1139 emensi
454 1102 534 1140 casus
548 1082 742 1159 superavimus
755 1103 869 1154 omnes;

157 1159 392 1239 contigimusque
406 1181 532 1233 manum,
546 1181 603 1239 qua
616 1162 741 1221 concidit
754 1162 810 1220 Ilia
822 1163 916 1222 tellus.

156 1239 210 1297 Ille
223 1241 323 1298 urbem
337 1241 520 1318 Argyripam,
533 1242 633 1318 patriae
646 1243 815 1319 cognomine
828 1244 933 1321 gentis,

155 1318 256 1378 Victor
269 1320 397 1398 Gargani
409 1321 549 1380 condebat
563 1320 681 1399 Iapygis
695 1322 778 1380 arvis.

155 1397 313 1478 Postquam
326 1401 502 1478 introgressi,
516 1404 546 1459 et
559 1421 655 1459 coram
668 1402 736 1459 data
749 1401 831 1479 copia
842 1403 940 1463 fandi:

155 1477 279 1538 Munera
290 1479 475 1557 praelerimus,
488 1501 592 1539 nomen
605 1481 782 1557 patriamque
796 1482 946 1556 docemus3

156 1557 212 1629 Qui
224 1558 331 1617 bellum
344 1559 504 1630 intulerint,
518 1581 580 1636 quae
593 1580 677 1619 causa
690 1561 841 1620 attraxerit
854 1563 959 1640 Arpos.

154 1638 270 1698 Auditis
283 1639 332 1698 ille
345 1640 405 1698 haec
418 1640 529 1717 placido
542 1640 583 1698 sic
596 1640 720 1699 reddidit
734 1661 797 1700 ore:

155 1718 197 1775 ‘0
209 1720 366 1778 fortunatas
379 1723 489 1796 gentes,
503 1719 637 1778 Saturnia
649 1741 745 1797 regna,

153 1798 276 1874 Antiqui
288 1799 417 1869 Ausonii,
432 1818 496 1876 quac
509 1820 560 1858 vos
573 1800 689 1859 fortuna
702 1800 812 1877 quietos

154 1877 305 1950 Sollicitat,
319 1879 474 1955 suadetque
486 1880 588 1956 ignota
599 1879 732 1938 lacessere
746 1879 842 1941 bella?

154 1957 331 2035 Quicumque
344 1958 447 2017 Iliacos
461 1960 534 2017 ferro
547 1959 714 2018 violavimus
728 1981 860 2037 agros,—

153 2037 246 2096 Mitto
259 2057 300 2110 ea,
314 2058 376 2115 quae
389 2039 477 2097 muris
491 2038 621 2097 bellando
635 2039 773 2098 exhausta
786 2041 839 2098 sub
853 2040 929 2112 altis,

153 2115 230 2188 Quos
245 2117 350 2177 Simols
363 2123 475 2194 premat
488 2118 536 2176 ille
549 2119 789 2191 viros—infanda
800 2141 851 2197 per
864 2122 963 2179 orbem

152 2196 296 2274 Supplicia
309 2202 339 2256 et
354 2199 490 2256 scelerum
502 2218 600 2274 poenas
614 2200 798 2276 expendimus
811 2220 919 2272 omnes,

150 2276 206 2335 Vel
219 2277 333 2335 Priamo
346 2277 505 2335 miseranda
518 2298 635 2350 manus3
656 2279 710 2337 scit
723 2280 808 2338 triste
821 2279 961 2340 Minervas

151 2356 243 2427 Sidus,
257 2361 287 2415 et
301 2356 438 2414 Euboicae
451 2360 556 2428 eautcs,
570 2359 701 2434 ultorque
716 2358 885 2435 Caphereus.

150 2436 260 2494 Militia
272 2457 306 2495 ex
319 2436 368 2494 illa
382 2437 525 2494 diversum
538 2437 574 2494 ad
587 2437 657 2495 litus
670 2439 771 2509 adacti,

149 2516 265 2574 Atrides
279 2516 378 2574 Protei
391 2516 539 2574 Menelaus
552 2518 676 2593 adusque
690 2519 834 2578 columnas

148 2596 288 2668 Exsulat3
308 2596 438 2655 AEtnaeos
452 2597 525 2655 vidit
539 2597 677 2674 Cyclopas
692 2598 798 2657 Ulixes.

149 2675 252 2753 Regna
264 2677 448 2754 Neoptolemi
460 2678 588 2748 referam,
601 2698 752 2753 versosque
765 2683 882 2754 penates

148 2754 319 2815 Idomenei?
340 2757 485 2834 Libycone
499 2757 662 2815 habitantes
676 2758 758 2815 litore
772 2756 904 2817 Locros?

149 2834 215 2911 Ipse
228 2837 395 2913 Mycenaeus
408 2857 578 2914 magnorum
591 2838 693 2895 ductor
706 2837 851 2895 Achivum

149 2914 284 2993 Conjugis
297 2916 421 2974 infandae
434 2917 526 2993 prima
538 2917 616 2974 intra
627 2917 727 2974 limina
739 2917 840 2974 dextra

148 2994 294 3071 Oppetiit3
315 2996 456 3054 devictam
469 2997 568 3054 Asiam
582 2997 710 3056 subsedit
724 2997 844 3055 adulter.

147 3074 287 3133 Invidisse
301 3075 376 3147 decS,
390 3077 489 3151 patriis
503 3080 537 3134 ut
549 3076 677 3135 redditus
690 3076 745 3134 aris

147 3153 319 3231 Conjugium
333 3158 465 3231 optatum
479 3160 508 3214 et
521 3156 669 3233 pulchram
684 3156 830 3232 Calydona
842 3155 992 3214 viderem?

145 3234 232 3292 Nunc
246 3235 332 3292 etiam
346 3234 475 3293 horribili
488 3237 551 3294 visu
564 3238 698 3312 portenta
711 3238 877 3312 sequuntur,

145 3313 187 3371 Et
201 3314 270 3372 socii
282 3314 378 3371 amissi
390 3315 535 3391 petierunt
548 3316 654 3375 aethera
666 3316 774 3393 pennis,

145 3393 380 3470 Fluminibusque
392 3399 536 3471 vagantur
549 3416 622 3468 aves,
635 3395 693 3454 heu
707 3396 768 3453 dira
779 3414 909 3452 meorum

144 3473 301 3550 Supplicia!
322 3478 352 3532 et
366 3474 495 3551 scopulos
508 3476 662 3534 lacrimosis
676 3476 791 3534 vocibus
805 3474 936 3551 implent.

144 3552 216 3610 Haec
229 3555 299 3612 adeo
311 3575 346 3612 ex
359 3554 407 3612 illo
422 3554 493 3612 mihi
502 3555 563 3631 jam
577 3557 713 3632 speranda
725 3556 841 3612 fuerunt

143 3631 290 3708 Tempore,
305 3655 392 3710 quum
406 3636 479 3693 ferro
493 3635 618 3693 coelcstia
631 3655 748 3713 corpora
761 3635 877 3692 demens

142 3713 268 3788 Appetii,
282 3717 312 3771 et
325 3715 442 3772 Veneris
456 3715 559 3773 violavi
572 3716 687 3773 vulnere
702 3717 840 3773 dextram.

139 3792 172 3851 N
172 3812 187 3852 e
201 3812 276 3868 vero,
289 3814 326 3853 no
338 3814 385 3854 me
398 3795 435 3853 ad
446 3795 519 3853 tales
531 3795 669 3872 impellite
682 3815 801 3871 pugnas.

133 3876 168 3937 N
167 3897 200 3938 ec
215 3876 292 3937 mihi
306 3898 375 3938 eum
385 3876 507 3938 Teucris
518 3875 614 3934 ullum
622 3877 691 3950 post
702 3873 904 3929 erutaballum.

128 3959 303 4044 Pergama3
323 3982 381 4022 nec
393 3968 534 4022 veterum
545 3949 961 4016 meniur'rloeboffimbffiQ
