2446 4260
203 211 262 268 124
505 229 532 269 1.
546 226 686 268 11111111
700 225 843 268 maome

242 368 324 426 “Est
337 368 367 427 in
381 373 534 445 conspectu
546 369 681 440 Tenedos,
694 368 846 427 notissima
856 369 934 429 fama

202 448 310 520 Insula,
324 448 401 506 dives
415 469 510 526 opum,
524 449 632 507 Priami
645 449 714 506 dum
727 469 815 526 regna
827 451 991 524 manebant,

201 528 289 586 Nunc
301 531 416 586 tantum
431 528 509 587 sinus
523 532 552 587 et
566 529 653 587 statio
667 529 740 587 male
753 529 811 587 fida
823 529 941 589 carinis:

202 608 272 667 Huc
285 628 315 666 se
328 609 455 685 provecti
468 609 579 667 deserto
592 608 623 666 in
636 609 719 666 litore
734 608 869 666 condunt.

201 687 264 745 Nos
278 687 378 746 abiisse
391 688 455 760 rati,
470 690 499 746 et
512 691 599 746 vento
613 688 727 765 petiisse
741 687 889 766 Mycenas.

202 766 281 845 Ergo
295 768 386 825 omnis
399 767 486 844 longo
499 768 586 826 solvit
600 787 629 826 se
642 767 762 825 Teucria
774 768 864 825 luctu.

201 846 372 905 Panduntur
385 851 491 924 portae3
507 848 592 926 juvat
604 848 654 919 ire,
668 851 697 905 et
711 847 817 905 Dorica
830 850 924 906 castra

200 926 392 1005 Desertosque
405 927 500 986 videre
513 928 589 986 locos
602 927 726 1004 litusque
739 927 880 985 relictum.

200 1007 260 1065 Hic
273 1007 419 1084 Dolopum
431 1027 541 1078 manus,
554 1007 602 1065 hic
616 1027 709 1064 saevus
722 1007 859 1065 tendebat
872 1008 1017 1082 Achilles3

201 1085 343 1145 classibus
356 1087 403 1144 hic
416 1087 503 1158 locus,
517 1087 564 1144 hic
578 1086 637 1144 acie
650 1090 757 1145 certare
771 1087 908 1145 solebant.

200 1165 271 1224 Pars
285 1170 382 1243 stupet
395 1166 525 1243 innuptae
540 1167 647 1223 donum
660 1166 774 1224 exitiale
789 1166 940 1239 Minervae,

199 1245 242 1303 Et
255 1246 359 1304 molem
371 1246 513 1304 mirantur
526 1246 606 1323 equi;
626 1245 789 1323 primusque
802 1245 971 1324 Thymoetes

199 1325 277 1384 Duci
289 1325 366 1383 intra
378 1346 474 1383 muros
487 1326 621 1383 hortatur
635 1329 665 1383 et
678 1345 741 1384 arce
754 1325 849 1398 locari,

199 1404 265 1463 Sive
278 1405 352 1478 dolo,
365 1426 415 1465 seu
423 1405 485 1483 jam
498 1405 589 1483 Trojae
603 1405 643 1463 sic
656 1405 717 1463 1111
729 1405 865 1463 ferebant.

144 1507 154 1518 ²
199 1486 242 1543 At
255 1484 357 1563 Capys,
371 1489 401 1544 et
415 1505 535 1562 quorum
548 1485 647 1543 melior
660 1485 803 1543 sententia
815 1484 915 1558 menti,

198 1565 261 1623 Aut
273 1565 374 1642 pelago
387 1565 521 1622 Danaum
533 1565 648 1622 insidias
662 1568 847 1642 suspectaque
860 1566 936 1625 dona

199 1644 379 1722 Praecipitare
389 1644 501 1722 jubent,
516 1644 704 1722 subjectisque
718 1664 798 1702 urere
810 1645 933 1704 flammis
944 1671 951 1705 2

198 1725 261 1782 Aut
274 1725 415 1784 terebrare
428 1745 510 1783 cavas
523 1723 598 1782 uteri
611 1727 641 1782 et
654 1727 766 1782 tentare
778 1724 910 1783 latebras.

199 1804 344 1862 Scinditur
356 1804 497 1862 incertum
510 1804 606 1862 studia
618 1803 648 1860 in
662 1803 803 1862 contraria
815 1804 928 1882 vulgus.

238 1884 378 1941 “Primus
391 1883 431 1941 ibi
445 1887 511 1942 aute
525 1904 630 1955 omnes,
644 1904 749 1960 magna
762 1885 918 1944 comitante
932 1887 1053 1960 caterio,

127 1962 151 2007 ¹''
198 1962 331 2021 Laocoon
344 1964 443 2022 ardens
458 1984 569 2021 summa
582 1964 706 2021 decurrit
719 1963 754 2021 ab
768 1983 847 2035 arce3

198 2043 241 2101 Et
253 2044 366 2120 procul:
388 2043 430 2101 ‘0
444 2043 548 2115 miseri,
561 2063 624 2119 quae
636 2046 720 2101 tanta
732 2043 849 2115 insania,
864 2043 962 2104 cives?

199 2121 322 2182 Creditis
336 2126 449 2181 avectos
462 2123 583 2181 hostes?
604 2126 654 2180 aut
667 2123 726 2179 ulla
737 2122 847 2199 putatis

198 2202 283 2260 Dona
296 2223 388 2261 carere
402 2203 473 2260 dolis
487 2202 644 2261 Danaum?
665 2202 704 2260 sic
716 2206 803 2260 notus
817 2202 916 2261 Ulixes
927 2201 941 2263 1

197 2283 260 2340 Aut
273 2284 327 2340 hoo
340 2283 443 2340 inclusi
456 2282 534 2359 ligno
548 2283 729 2340 occultantur
741 2282 855 2354 Achivi,

198 2363 260 2420 Aut
273 2363 336 2420 haec
349 2363 380 2420 in
393 2366 505 2420 nostros
519 2362 656 2419 fabricata
668 2365 712 2419 est
725 2362 856 2420 machina
869 2381 974 2433 muros,

197 2441 367 2518 Inspectura
379 2443 486 2513 domos,
499 2446 675 2518 venturaque
688 2442 806 2518 desuper
819 2441 899 2511 urhi3

197 2522 259 2579 Aut
273 2522 372 2598 aliquis
386 2523 458 2580 latet
471 2541 564 2580 error:
585 2541 657 2598 equo
671 2541 706 2577 ne
720 2521 834 2592 credite,
848 2521 959 2578 Teucri.

198 2601 342 2677 Quidquid
354 2602 384 2659 id
398 2605 450 2673 est,
463 2602 551 2659 timeo
565 2601 680 2658 Danaos
695 2603 724 2658 et
738 2600 812 2658 dona
824 2600 965 2658 ferentes?

198 2680 244 2739 Sic
257 2681 342 2752 fatus,
356 2682 456 2739 validis
470 2682 618 2758 ingentem
631 2680 738 2738 viribus
752 2680 866 2738 hastam

197 2759 236 2817 In
248 2761 323 2818 latus
337 2761 422 2838 inque
436 2762 488 2820 feri
502 2781 617 2819 curvam
632 2760 815 2836 compagibus
830 2761 927 2817 alvum

197 2840 353 2898 Contorsit.
394 2842 483 2900 Stetit
496 2842 545 2898 illa
557 2844 691 2911 tremens,
704 2842 841 2916 uteroque
854 2859 967 2898 recusso

197 2919 352 2979 Insonuere
366 2941 440 2978 cavae
453 2922 650 2998 gemitumque
663 2920 763 2978 dedere
777 2940 910 2978 cavernae.

197 2999 247 3071 Et,
262 3000 286 3057 si
298 3001 358 3058 1111
371 3001 463 3072 deum,
478 3002 502 3058 si
515 3021 596 3059 mens
609 3021 668 3058 non
681 3001 751 3057 laeva
764 3000 874 3071 fuisset,

197 3078 355 3156 Impulerat
369 3081 442 3138 ferro
456 3081 604 3158 Argolicas
617 3080 722 3138 foedare
735 3079 874 3149 latebras;

197 3159 336 3236 Trojaque
350 3181 426 3218 nunc
439 3164 537 3232 stareS,
552 3160 714 3236 Priamique
727 3179 777 3216 arx
790 3159 849 3216 alta
861 3177 999 3216 maneres.

236 3243 252 3269 “
262 3240 345 3312 Ecce,
358 3260 459 3298 manus
468 3241 603 3318 juvenem
616 3240 725 3297 interea
738 3242 803 3315 post
816 3240 898 3314 terga
910 3237 1073 3296 revinctum

196 3319 328 3377 Pastores
342 3340 446 3398 magno
461 3321 497 3378 ad
509 3340 606 3397 regem
619 3319 740 3377 clamore
753 3318 907 3376 trahebant

195 3399 374 3472 Dardanidae,
388 3399 437 3477 qui
450 3420 479 3458 se
492 3401 625 3477 ignotum
638 3398 817 3457 venientibus
831 3397 916 3468 ultre,

195 3479 262 3537 Hoc
275 3480 369 3556 ipsum
382 3483 416 3537 ut
430 3482 561 3550 strueret,
575 3479 745 3556 Trojamque
759 3477 880 3554 aperiret
893 3475 1023 3549 Achivis,

196 3559 356 3631 obtulerat,
369 3560 459 3617 fidens
473 3559 569 3629 animi,
583 3562 669 3636 atque
682 3558 712 3616 in
725 3560 879 3634 utrumque
892 3559 1019 3634 paratus,

195 3639 251 3696 Seu
262 3659 373 3698 versare
387 3640 474 3711 dolce,
489 3660 538 3697 seu
552 3642 635 3696 certae
649 3638 813 3696 occumbere
826 3637 922 3695 morti.

195 3718 328 3796 Undique
342 3719 452 3777 visendi
464 3719 559 3777 studio
573 3718 696 3795 Trojano
704 3717 843 3794 juventus

194 3796 372 3857 Circumfusa
384 3800 451 3872 ruit,
466 3801 632 3875 certantque
645 3797 763 3855 iHudere
777 3799 869 3874 capto.

193 3878 299 3955 Accipe
312 3899 387 3937 nunc
400 3880 534 3938 Danaum
547 3877 672 3950 insidias,
685 3879 715 3935 et
729 3877 846 3936 erimine
860 3876 896 3934 ab
909 3896 967 3934 uno

193 3957 279 4018 Disce
293 3979 399 4017 omnes.
