2446 4260
455 233 635 278 GFORGIOON
646 234 710 276 IsIB.
724 234 746 275 Ι.

145 371 255 452 Septima
266 377 335 452 post
348 374 486 434 decimam
499 376 574 449 felix,
588 380 618 435 et
630 397 734 454 ponere
747 376 845 449 vitem,

143 453 300 532 deprensos
314 455 453 515 domitare
465 457 560 528 boves,
574 461 604 515 et
616 457 682 514 licia
693 456 757 515 telae

140 533 248 593 Addere.
289 535 378 593 Nona
388 535 466 613 fugae
480 537 587 608 melior,
600 537 742 596 contraria
754 536 847 595 furtis.

170 615 266 673 Multa
279 614 349 674 adeo
358 615 457 692 'gelida
469 616 569 674 melius
583 637 613 674 se
626 619 711 674 nocte
724 616 833 688 dedere,

136 694 191 751 Aut
203 715 294 771 quum
307 695 366 753 sole
378 715 453 754 novo
466 698 556 754 terras
568 696 671 755 irrorat
685 697 773 754 Eous.

135 773 224 832 Nocte
237 772 315 833 leves
326 774 428 833 melius
442 775 565 852 stipulae,
578 780 662 834 nocte
676 775 754 834 arida
766 778 848 854 prata

134 853 298 912 Tondentur
308 878 315 925 ;
334 858 433 913 noctes
445 855 540 913 lentus
552 875 612 913 uon
625 854 721 913 deficit
733 856 845 914 humor.

133 933 173 990 Et
185 933 302 1010 quidam
316 954 392 992 seros
405 935 517 992 hiberni
530 935 566 993 ad
577 934 693 992 luminis
706 935 787 1012 ignes

132 1012 297 1090 Pervigilat,
310 1014 440 1091 ferroque
452 1015 527 1072 faces
539 1014 660 1091 inspicat
673 1019 757 1072 acuto
768 1039 775 1087 ;

132 1092 247 1151 Interea
258 1092 379 1170 longum
392 1096 478 1152 cantu
492 1095 582 1152 solata
594 1093 718 1152 laborem

132 1174 246 1249 Arguto
259 1173 363 1250 conjux
376 1173 515 1249 percurrit
528 1174 639 1250 pectine
652 1174 741 1244 telas;

132 1255 192 1309 Aut
205 1251 297 1310 dulcis
310 1253 400 1311 musti
412 1252 540 1312 Vulcano
552 1254 685 1330 decoquit
697 1253 847 1311 humorem

134 1332 174 1390 Ft
187 1332 263 1390 foliis
276 1332 385 1390 undam
398 1333 503 1410 trepidi
515 1333 664 1409 despumat
677 1332 769 1390 aheni.

170 1411 213 1470 At
226 1411 386 1471 rubicunda
399 1412 482 1470 Ceres
495 1413 589 1471 medio
603 1413 757 1470 succiditur
769 1415 858 1483 aestu3

134 1491 173 1549 Ft
185 1492 282 1550 medio
295 1494 388 1550 tostas
402 1495 476 1550 aestu
488 1492 558 1550 terit
571 1512 635 1550 area
647 1493 752 1568 fruges.

134 1571 236 1629 Nudus
250 1591 308 1642 ara,
322 1591 382 1630 sere
395 1571 504 1644 nudus;
524 1571 616 1630 hiems
628 1572 734 1649 ignava
746 1571 854 1629 colono

135 1650 303 1728 Frigoribus
315 1654 399 1728 parto
412 1651 542 1729 agricolae
555 1652 721 1729 plerumque
734 1651 877 1723 fruuntur,

135 1730 296 1808 Mutuaque
308 1730 385 1789 inter
397 1751 427 1789 se
440 1731 503 1789 laeti
515 1731 645 1790 convivia
657 1733 766 1789 curant.

136 1810 246 1869 Invitat
261 1810 380 1887 genialis
392 1810 484 1869 hiems
497 1831 632 1888 curasque
645 1810 777 1868 resolvit:

137 1890 192 1948 Ceu
205 1910 311 1967 pressae
326 1911 414 1967 quum
423 1891 485 1967 jam
497 1894 612 1967 portum
625 1891 746 1968 tetigere
759 1888 872 1960 carinae,

138 1969 282 2047 Puppibus
296 1972 326 2027 et
339 1969 398 2028 laeti
411 1973 504 2028 nautae
517 1970 674 2046 imposuere
686 1989 812 2028 coronas.

138 2049 189 2106 Sed
202 2053 301 2107 tamen
315 2052 345 2109 et
359 2069 477 2126 quernas
491 2050 607 2127 glandes
620 2053 686 2107 tum
699 2050 838 2126 stringere
851 2052 974 2124 tempus,

138 2128 176 2186 Et
188 2128 262 2187 lauri
275 2128 383 2201 baccas,
397 2129 549 2207 oleamque,
563 2133 735 2206 cruentaque
747 2132 860 2206 myrta3

139 2207 211 2266 Tum
224 2207 343 2286 gruibus
355 2209 466 2287 pedicas
480 2214 510 2268 et
522 2209 595 2268 retia
607 2229 710 2286 ponere
723 2209 820 2280 cervis,

139 2288 311 2365 Auritosquc
323 2288 403 2366 sequi
415 2289 523 2366 lepores
533 2315 540 2361 ;
559 2293 625 2347 tum
637 2289 724 2367 figere
737 2289 843 2359 damas,

140 2367 264 2446 Stuppea
275 2371 457 2445 torquentem
469 2368 597 2426 Balearis
609 2370 726 2427 verbera
738 2368 850 2425 fundar:

140 2447 231 2518 Quum
245 2447 295 2505 nix
308 2448 368 2507 alta
374 2449 461 2525 jacet,
474 2448 594 2526 glaciem
607 2469 696 2525 quum
708 2447 826 2505 flumina
838 2447 969 2504 trudunt.

175 2526 252 2599 Quid
265 2530 451 2605 tempestates
465 2528 612 2586 auctumni
624 2532 654 2585 et
668 2527 759 2585 sidera
772 2525 887 2585 dicam?

139 2607 242 2684 Atque,
258 2608 308 2666 ubi
316 2608 377 2686 jam
391 2607 556 2685 breviorque
569 2607 629 2665 dies
642 2611 672 2665 et
685 2606 798 2665 mollior
811 2609 904 2678 astas,

140 2687 205 2758 Quae
219 2688 364 2766 vigilanda
376 2686 468 2747 viris?
482 2688 528 2746 vel
541 2707 629 2764 quum
642 2687 701 2744 ruit
714 2685 890 2744 imbriferum
902 2704 962 2757 ver,

140 2766 237 2843 Spicea
244 2769 308 2846 jam
321 2767 426 2843 campis
439 2786 526 2844 quum
540 2767 639 2824 messis
652 2765 802 2835 inhorruit,
816 2768 846 2822 et
860 2784 948 2842 quum

139 2845 297 2907 Frumenta
308 2846 339 2904 in
352 2846 436 2904 viridi
449 2846 555 2924 stipula
567 2846 704 2904 lactentia
715 2843 859 2922 turgent?

141 2925 216 3003 Saepe
230 2947 292 3004 ego,
306 2946 396 3003 quum
408 2926 488 2984 flavis
501 2946 654 2984 messorem
665 2925 812 2983 induceret
825 2923 899 2982 arvis

141 3005 281 3082 Agricola,
295 3010 325 3064 et
337 3005 432 3083 fragili
441 3005 503 3083 jam
515 3006 669 3082 stringeret
682 3004 788 3062 hordea
800 3004 902 3075 cu1m0,

142 3085 244 3145 Omnia
257 3089 409 3145 ventorum
423 3105 586 3144 concurrere
599 3084 698 3162 proelia
709 3083 786 3155 vidi;

142 3165 209 3236 Quae
223 3165 371 3243 gravidam
384 3166 442 3223 late
455 3169 582 3242 segetem
594 3165 630 3222 ab
643 3163 783 3222 radicibus
795 3162 861 3220 imis

142 3243 267 3303 Sublime
280 3245 425 3321 expulsam
437 3247 583 3303 eruerent:
603 3244 646 3302 ita
657 3243 771 3301 turbiue
784 3243 867 3320 nigro

142 3323 241 3383 Ferret
255 3324 347 3383 hiems
360 3324 540 3401 culmumque
552 3324 644 3382 levem
657 3322 832 3400 stipulasque
844 3322 982 3381 volantes.

143 3403 218 3481 Saepe
232 3404 321 3462 etiam
333 3404 504 3462 immensum
517 3404 587 3462 coelo
599 3402 680 3461 venit
692 3423 796 3480 agmen
809 3421 953 3478 aquarum,

142 3483 182 3540 Et
195 3484 302 3542 foedam
316 3483 475 3561 glomerant
487 3487 690 3560 tempestatem
701 3482 840 3540 imbribus
853 3481 923 3539 atris

143 3562 277 3621 Collectae
291 3583 325 3622 ex
339 3563 397 3621 alto
410 3564 516 3634 nubes;
535 3563 595 3620 ruit
608 3562 711 3620 arduus
727 3562 826 3633 oether,

143 3642 183 3700 Et
195 3643 294 3720 pluvia
305 3643 417 3720 ingenti
430 3646 492 3701 sata
502 3643 573 3700 laeta
584 3643 727 3719 boumque
739 3642 848 3700 labores

143 3721 255 3794 Diluit;
275 3722 430 3800 implentur
441 3723 534 3793 fossas,
547 3724 578 3780 et
591 3741 660 3780 cava
672 3721 791 3779 flumina
803 3719 933 3778 crescunt

143 3800 217 3860 Cum
230 3801 335 3874 sonitu,
347 3802 492 3880 fervetque
505 3801 586 3861 fretis
600 3801 772 3879 spirantibus
785 3818 889 3876 aequor.

144 3880 209 3958 Ipse
223 3882 320 3954 Pater,
334 3882 427 3941 media
438 3882 601 3940 nimborum
613 3882 644 3938 iu
657 3883 750 3952 nocte,
764 3897 879 3938 corusca

145 3959 279 4023 Fulmina
291 3961 408 4023 molitur
420 3963 535 4022 dextra:
556 3981 612 4040 quo
625 3960 750 4019 maxima
761 3962 845 4017 motu
