2370 4260
437 217 617 261 umaeloox
631 219 696 261 m.
709 220 754 262 Π.

106 392 110 397 -
140 358 279 419 Observans
290 359 360 419 nido
372 358 526 438 implumes
538 361 681 420 detruit:
695 366 728 420 at
739 363 789 421 illa

142 439 196 498 llet
204 444 322 512 noctem,
334 460 471 517 ramoque
483 441 584 499 mdens
595 442 754 500 miserabile
766 463 880 502 eanum

143 517 261 598 Integrat,
274 524 304 579 et
317 521 427 578 maestis
439 520 500 579 late
511 521 575 580 loea
586 523 733 598 questibm
745 523 856 600 impet

144 597 213 658 Nulla
223 600 325 672 Venus,
338 619 398 658 non
410 600 464 657 ulli
476 601 606 658 mimum
617 601 719 660 flexere
732 602 894 679 bymensi3

144 676 207 737 Solus
217 680 402 758 hyperboreas
415 680 520 757 glacies
533 680 708 756 Tanaimque
719 682 852 753 niralfln,

145 756 252 835 Arvaque
264 759 392 836 Rhipaeis
405 779 556 835 nunquam
567 761 687 818 viduata
696 762 807 838 pruinis

146 832 283 910 Latebat,
295 843 409 917 raptam
422 839 588 916 Eurydicen
599 843 687 916 atque
698 841 781 898 irrita
792 841 872 898 Ditis

147 911 211 975 Dona
221 938 354 996 querens:
369 922 473 996 spretae
486 918 625 978 Ciconum
637 939 696 995 quo
707 940 826 978 munere
838 926 954 993 manes,

147 990 209 1054 Inter
219 1018 293 1056 saera
305 999 393 1056 deum
405 999 595 1075 nocturnique
607 1000 687 1076 orgia
699 999 815 1070 Baocbi

146 1069 303 1154 Discerptum
315 1077 390 1136 latos
399 1078 535 1155 juvenem
548 1098 674 1155 sparsere
686 1099 737 1155 per
748 1099 841 1156 agrae

146 1149 203 1213 Tun
213 1177 328 1234 quoque,
341 1177 501 1216 marmorea
512 1161 599 1234 aput
612 1178 630 1215 a
641 1159 749 1216 oervioe
761 1159 906 1216 revulsum

147 1231 243 1313 (lugia
253 1257 345 1313 quum
358 1237 453 1295 medio
464 1241 582 1314 portans
596 1237 731 1314 OEagrius
745 1237 862 1296 Hebrus

148 1307 261 1388 luberet,
275 1316 458 1394 ‘Eurydicen
469 1317 477 1342 '
491 1336 548 1375 vox
559 1317 622 1394 ipsa
634 1321 665 1375 et
676 1317 781 1395 frigida
792 1318 900 1394 lingua

148 1392 197 1451 ‘lh
206 1397 332 1454 miseram
345 1396 533 1474 Eurydieenl’
548 1397 644 1454 anima
655 1397 785 1474 fugiente
796 1397 935 1467 voeabat3

148 1469 317 1552 ‘Eurydicen’
332 1478 398 1534 toto
410 1476 570 1534 referebant
582 1476 700 1534 flumine
712 1476 811 1553 ripae.'’
938 1493 980 1557 κο

177 1551 233 1613 Haec
245 1555 382 1614 Proteus:
397 1558 428 1614 et
441 1576 471 1614 se
479 1555 564 1633 jactu
575 1556 655 1614 dedit
667 1576 763 1631 equor
775 1556 806 1614 in
819 1555 912 1614 altum
922 1580 930 1626 3

147 1627 239 1709 Quaque
250 1634 339 1708 dedit,
353 1639 535 1712 spumantem
546 1635 655 1693 undam
667 1636 722 1693 sub
734 1636 841 1694 vertioe
852 1635 947 1693 torsit.

149 1707 179 1766 lt
187 1733 234 1772 non
245 1714 357 1792 Cyrene
368 1739 375 1786 ;
388 1734 512 1792 namque
523 1714 603 1773 ultro
616 1715 703 1773 affata
713 1714 882 1774 timentem:

176 1794 187 1820 “
194 1793 272 1867 Nate,
286 1795 355 1852 lioet
366 1794 465 1853 tristes
478 1795 573 1853 animo
587 1794 725 1871 deponere
738 1814 828 1852 curas

149 1862 199 1929 Hae
208 1874 295 1933 omnis
307 1874 402 1933 morbi
415 1894 500 1932 eausa
510 1898 517 1946 ;
529 1874 598 1932 hino
611 1874 770 1932 miserabile
783 1873 940 1951 Nympha,

150 1943 201 2008 cun
211 1954 311 2030 quibus
323 1953 375 2012 illa
387 1954 488 2013 choros
500 1953 573 2012 lueis
587 1953 715 2031 agItubat
727 1953 759 2011 in
771 1953 847 2025 altis,

151 2021 252 2091 latium
264 2034 366 2092 misere
379 2033 488 2111 apibus.
529 2033 576 2090 Tu
588 2053 707 2091 munera
719 2032 838 2110 supplex

151 2101 227 2184 lende,
239 2116 340 2191 petens
353 2133 461 2191 paoem,
475 2115 506 2171 et
518 2112 613 2171 faciles
626 2132 759 2170 venerare
768 2113 905 2189 Napaeas:

150 2179 253 2268 Namque
267 2194 378 2252 dabunt
390 2193 503 2251 veniam
515 2193 600 2263 votis,
613 2192 725 2268 irasque
736 2192 895 2250 remittent.

149 2259 193 2341 Sed,
204 2273 300 2331 modus
313 2273 414 2331 orandi
426 2273 476 2348 qui
489 2273 536 2343 sit,
549 2272 628 2348 prins
642 2272 740 2330 ordine
752 2271 852 2330 dicam.

149 2339 253 2411 tneor
266 2352 384 2410 eximios
397 2351 547 2429 praestanti
557 2371 671 2428 corpore
683 2354 790 2423 tauros,

146 2417 187 2489 Qui
197 2431 245 2490 tibi
258 2452 336 2490 nuno
348 2432 446 2489 viridis
460 2431 617 2508 depascunt
631 2450 744 2489 summa
756 2429 861 2508 Lycei,

142 2493 232 2587 Iblige,
245 2514 276 2569 et
288 2511 399 2570 intacta
410 2511 534 2570 totidem
547 2510 653 2569 oervioe
662 2510 806 2588 juvencas.

141 2575 253 2649 Quatuor
265 2591 311 2648 his
325 2611 386 2649 aras
400 2592 457 2648 alta
469 2591 506 2649 ad
519 2591 636 2649 delubra
649 2590 766 2648 dearum

137 2653 282 2742 Constitue,
296 2673 327 2729 et
340 2690 451 2729 eaerum
460 2670 571 2748 jugulis
584 2670 705 2729 demitte
718 2688 864 2740 eruorem;

133 2732 301 2827 0orporaque
313 2750 376 2828 ipsa
386 2751 475 2808 boum
488 2749 620 2808 frondoso
633 2750 728 2808 desere
739 2748 812 2807 luco.

154 2833 203 2899 ost,
216 2831 266 2888 ubi
279 2850 356 2888 nona
368 2850 434 2888 suos
448 2850 549 2888 aurora
561 2829 717 2888 ostenderit
731 2831 820 2886 ortus.

129 2887 242 2967 Inferias
257 2909 365 2986 Orphei
377 2909 496 2968 Lethaea
508 2929 647 2987 papavera
658 2909 775 2979 mittes;

128 2968 271 3047 Plaeaeam
284 2989 450 3066 Eurydicen
463 2989 556 3047 vitula
568 2989 735 3048 venerabere
748 3007 826 3059 oaesa,

128 3049 167 3125 Et
178 3069 289 3146 nigram
302 3069 440 3127 mactabis
453 3089 544 3141 ovem,
556 3069 710 3145 lucumque
722 3065 854 3125 revises”

163 3147 252 3206 Haud
265 3169 361 3207 mora:
376 3148 512 3207 continuo
525 3148 625 3206 matris
638 3150 780 3225 praeoepta
792 3145 912 3205 facessit.

129 3219 170 3284 ld
182 3228 300 3286 delubra
312 3229 408 3300 venit3
422 3231 594 3286 monstratas
607 3229 713 3286 excitat
726 3247 804 3299 aras;

130 3300 255 3377 Quatuor
269 3308 387 3367 eximios
399 3307 548 3385 praestanti
560 3328 675 3385 eorpore
687 3311 785 3366 tauros

129 3377 220 3460 linuit,
235 3391 266 3447 et
278 3389 390 3448 intaeta
400 3388 523 3447 totidem
537 3388 643 3446 cervice
651 3388 796 3465 juvencas.

129 3459 201 3539 Post,
215 3468 267 3526 ubi
280 3488 357 3526 nona
369 3488 435 3526 suos
448 3487 549 3525 aurora
560 3467 711 3525 induxerat
724 3469 813 3538 ortus,

129 3540 242 3606 Inferias
257 3547 365 3624 Orphei
377 3546 481 3618 mittit,
493 3547 646 3623 lucumque
658 3547 765 3606 revisit.

128 3623 180 3686 Hic
193 3648 262 3686 vero
276 3628 406 3685 subitum
420 3647 452 3686 aa
466 3626 546 3686 dictu
557 3626 685 3685 mirabile
698 3628 859 3684 monstrum

126 3707 286 3784 aspiciunt,
299 3706 453 3783 liquefacta
463 3708 552 3765 boum
564 3726 615 3783 per
626 3706 733 3765 viseera
744 3708 809 3763 toto

125 3786 248 3846 Stridore
261 3807 328 3864 apes
342 3790 434 3858 utero,
448 3790 478 3846 et
490 3787 583 3864 ruptis
593 3787 724 3845 effervere
738 3783 823 3844 costis
834 3805 842 3857 3

125 3864 335 3938 immensasque
348 3867 425 3922 trahi
432 3867 524 3940 nubes
531 3891 541 3938 ,¹
557 3866 679 3946 jamque
692 3868 794 3930 arbore
807 3886 925 3929 summa

113 3943 261 4009 confluere,
276 3944 309 3996 et
317 3940 407 3999 lenos
419 3962 505 4003 uvam
519 3946 679 4013 demittere
692 3952 794 4016 ramis.

562 4045 593 4090 Η
