2446 4260
194 215 253 274 232
499 229 528 271 r.
541 227 682 271 ιιιιιιιιιι
702 228 846 272 moure

195 372 323 430 Crudelis
336 371 398 430 nati
410 373 621 430 monstrantem
632 372 751 430 vulnera
763 372 864 446 cernit,

193 452 397 529 Evadnenque,
407 457 437 510 et
451 451 629 528 Pasiphaam
649 452 695 510 his
709 451 866 510 Laodamia

193 531 226 589 It
240 551 342 604 comes,
356 535 385 589 et
394 530 508 609 juvenis
522 532 674 608 quondam,
687 551 764 590 nunc
776 531 891 604 femina,
905 530 1005 608 (lanis,

194 610 305 669 Rursus
319 614 350 670 et
362 611 393 668 in
406 614 531 670 veterem
544 611 605 669 fato
618 611 748 669 revoluta
760 611 893 688 figuram.

233 690 316 749 Inter
330 711 399 768 qnae
413 690 563 749 Phoenissa
574 710 671 749 recens
684 711 701 749 a
713 690 830 749 vulnere
847 691 926 750 Dido

193 770 318 828 Errabat
331 770 445 828 silvam
456 790 579 848 magna;
599 790 685 846 quam
699 770 801 829 Troius
813 770 907 843 heros,

193 849 237 908 Ut
250 850 375 927 primum
384 850 469 927 juxta
481 850 565 908 stetit
579 850 752 942 agnqvitque
765 871 815 927 per
827 852 959 910 umbram

193 929 358 1002 Obscuram,
372 930 483 1006 qualem
496 929 588 1006 primo
602 930 652 1006 qui
665 949 779 1007 surgere
791 950 889 989 mense

192 1010 255 1067 Aut
268 1009 348 1068 videt
361 1011 412 1068 aut
424 1009 594 1069 vidisset
541 1030 580 1086 pu
581 1013 626 1068 tat
639 1030 689 1087 per
702 1010 800 1069 nubila
812 1010 920 1083 lunam,

193 1088 319 1148 Demisit
332 1089 470 1160 lacrimas,
484 1089 614 1165 dulcique
628 1090 731 1147 affatus
745 1109 840 1148 amore
854 1095 916 1149 est:

193 1167 324 1227 “Infelix
336 1168 423 1239 Dido,
435 1188 519 1227 verus
532 1169 605 1226 mihi
617 1169 738 1227 nuncius
751 1189 819 1247 ergo

193 1247 327 1320 Venerat,
340 1249 512 1307 exstinctam
525 1249 654 1326 ferroque
667 1252 795 1307 extrema
808 1252 952 1309 secutam:

192 1327 314 1386 Funeris
326 1328 384 1386 heu
396 1329 452 1386 tibi
464 1348 548 1388 causa
560 1327 626 1388 fui?
667 1328 724 1386 Per
737 1329 829 1387 sidera
836 1330 912 1408 juro,

193 1407 249 1465 Per
262 1427 389 1501 superos,
400 1413 430 1466 et
443 1409 468 1466 si
481 1428 537 1485 qua
549 1409 619 1466 fides
632 1409 736 1467 tellure
749 1410 802 1468 sub
815 1409 874 1468 ima
887 1411 940 1483 est,

192 1486 308 1545 Invitus
310 1488 437 1565 ,regina
450 1491 502 1547 tuo
516 1489 551 1546 de
564 1488 648 1546 litore
661 1489 740 1546 cessi.

192 1566 248 1625 Sed
261 1587 308 1626 me
316 1567 397 1645 jussa
410 1568 503 1641 deum,
518 1588 580 1646 quae
593 1588 669 1626 nunc
682 1567 756 1626 has
747 1587 789 1626 1re
802 1587 853 1645 per
865 1568 989 1641 umbras,

192 1645 249 1705 Per
260 1646 324 1706 loca
336 1651 418 1706 senta
431 1647 490 1706 situ
503 1651 611 1726 cogunt
624 1650 797 1740 noctemque
807 1647 986 1725 profimdam,

192 1724 325 1804 Imperiis
339 1747 421 1805 egere
434 1728 509 1800 suis;
529 1747 582 1786 nec
595 1728 707 1786 credere
722 1727 798 1805 quiri

191 1806 281 1865 Hunc
294 1810 412 1865 tantum
424 1807 480 1866 tibi
491 1827 538 1866 me
552 1807 676 1866 discessu
688 1808 760 1866 ferre
770 1807 905 1866 dolorem.

191 1885 267 1945 Siste
280 1887 411 1964 gradum,
423 1891 509 1964 teque
523 1891 640 1964 aspectu
652 1907 689 1945 ne
703 1887 838 1945 subtrahe
851 1890 959 1946 nostro.

192 1965 285 2038 Quem
297 1966 398 2044 fugis?
419 1969 579 2026 extremum
592 1967 662 2039 fato,
676 1966 753 2043 quod
765 1970 796 2025 te
810 1966 945 2044 alloquor,
958 1965 1014 2025 hoc
1026 1964 1121 2026 est!=
1176 1947 1183 1973 ’

191 2045 308 2105 Talibus
322 2047 427 2105 AEneas
441 2048 588 2106 ardentem
601 2050 631 2105 et
645 2050 728 2105 torva
740 2049 873 2104 tuentem

190 2125 314 2184 Lenibat
328 2126 412 2184 dictis
426 2126 562 2199 animum,
575 2126 761 2203 lacrimasque
775 2126 876 2184 ciebat.

191 2205 247 2263 Illa
260 2205 319 2264 solo
332 2206 403 2263 fixos
417 2206 512 2264 oculos
526 2226 624 2264 aversa
636 2207 770 2278 tenebat3

190 2285 252 2343 Nec
266 2285 357 2362 magis
370 2285 484 2362 incepto
496 2286 611 2344 vultum
624 2304 753 2344 sermone
765 2286 906 2358 movetur,

190 2363 283 2435 Quam
297 2365 321 2422 si
334 2365 404 2423 dura
417 2365 486 2422 silex
500 2369 550 2423 aut
564 2369 623 2424 stet
637 2365 781 2442 Marpesia
794 2369 901 2423 cautes.

190 2443 319 2502 Tandem
332 2444 469 2521 corripuit
483 2465 550 2517 sese,
564 2448 651 2522 atque
663 2445 778 2503 inimica
789 2444 896 2522 refugit

190 2523 228 2581 In
241 2544 341 2582 nemus
355 2524 557 2596 umbriferum
579 2525 681 2602 conjux
694 2524 744 2583 ubi
757 2524 894 2601 pristinus
907 2524 950 2582 illi

186 2602 353 2681 Respondet
366 2604 449 2676 ciuis,
465 2607 615 2682 aequatque
629 2604 766 2682 Sychaeus
780 2623 914 2663 amorem.

189 2683 253 2742 Nec
265 2684 360 2741 minus
374 2684 488 2756 AEneas,
502 2704 568 2742 casu
581 2704 729 2761 percussus
743 2683 849 2760 iniquo,

189 2761 376 2839 Prosequitur
387 2764 538 2823 lacrimans
551 2765 644 2842 longe,
659 2767 688 2822 et
701 2763 853 2821 miseratur
866 2765 994 2822 euntem.

228 2842 302 2902 Inde
315 2844 416 2902 datum
428 2844 547 2902 molitur
560 2844 624 2902 iter.
665 2843 789 2919 Jamque
803 2863 871 2900 ar'va
883 2843 1022 2902 tenebant

188 2921 309 2994 Ultima,
324 2943 388 3000 quae
402 2924 476 2982 bello
490 2923 559 2982 clari
572 2927 680 2982 secreta
693 2923 884 2999 frequentant.

189 3001 248 3060 Hic
260 3002 304 3059 illi
317 3003 440 3062 occurrit
454 3004 578 3081 Tydeus,
591 3003 639 3062 hie
652 3003 778 3081 inclytus
792 3002 878 3060 armis

189 3082 424 3159 Parthenopaeus,
438 3088 469 3141 et
483 3083 600 3141 Adrasti
612 3083 745 3160 pallentis
758 3083 862 3159 imago.

188 3161 248 3220 Hic
261 3163 386 3220 multum
399 3163 460 3221 fleti
473 3163 509 3220 ad
523 3183 638 3240 superos
651 3163 780 3240 belloque
793 3161 892 3220 caduci

187 3240 375 3300 Dardanide:
396 3263 466 3319 quos
479 3243 527 3300 ille
540 3263 638 3301 omnes
651 3242 738 3320 longo
752 3242 850 3300 ordine
864 3260 981 3300 cernens

186 3319 344 3398 Ingemuit,
359 3321 562 3398 Glaucumque,
577 3322 781 3400 Medontaque,
795 3321 1075 3400 Thersilochumque,

186 3400 256 3459 Tres
270 3401 461 3460 Antenoridas
463 3401 633 3479 ,Cererique
647 3422 759 3460 sacmm
777 3401 980 3479 Polyphoeten,

185 3479 361 3557 Idaeumque,
375 3481 462 3539 etiam
475 3502 582 3552 currus,
596 3482 684 3540 etiam
698 3501 776 3539 arma
789 3481 946 3540 tenentem.

186 3559 383 3620 Circumstant
397 3560 498 3619 animae
511 3561 611 3619 dextra
624 3562 752 3639 laevaque
766 3562 937 3638 frequentes.

186 3640 249 3698 Nec
262 3641 366 3699 vidisse
380 3641 466 3699 semel
479 3640 548 3699 satis
562 3644 622 3699 est·
615 3642 722 3718 ,juvat
736 3661 826 3717 usque
838 3640 952 3715 morari,

185 3719 228 3778 Ει
242 3721 368 3779 conferre
381 3721 511 3798 gradum,
525 3723 556 3779 et
568 3688 699 3779 veriiendi
713 3722 819 3780 discere
832 3741 940 3779 causas.

185 3799 228 3857 At
241 3799 375 3858 Danaum
388 3821 516 3877 proceres
529 3801 820 3878 Agamemnoniaeque
833 3800 999 3878 phalanges,

186 3877 229 3940 Ut
242 3879 379 3942 videre
352 3901 450 3941 ιιιιιιιιι
460 3881 659 3961 fulgentiaque
670 3901 752 3938 arma
758 3901 810 3957 per
821 3882 947 3952 umbras,

175 3961 306 4046 Ingenti
320 3964 471 4047 trepidare
483 3967 585 4026 metu:
603 3981 674 4041 pars
683 3963 799 4018 uenere
807 3962 905 4032 'carga
