<?xml version="1.0" encoding="UTF-8"?>
<!DOCTYPE html PUBLIC "-//W3C//DTD XHTML 1.0 Transitional//EN"
    "http://www.w3.org/TR/xhtml1/DTD/xhtml1-transitional.dtd">
<html xmlns="http://www.w3.org/1999/xhtml" xml:lang="en" lang="en">
 <head>
  <title>
</title>
<meta http-equiv="Content-Type" content="text/html;charset=utf-8" />
  <meta name='ocr-system' content='tesseract 3.04.00' />
  <meta name='ocr-capabilities' content='ocr_page ocr_carea ocr_par ocr_line ocrx_word'/>
</head>
<body>
  <div class='ocr_page' id='page_1' title='image "./worksfromtexthe00virggoog_0039.png"; bbox 0 0 2446 4260; ppageno 0'>
   <div class='ocr_carea' id='block_1_1' title="bbox 220 203 861 262">
    <p class='ocr_par' dir='ltr' id='par_1_1' title="bbox 220 203 861 262">
     <span class='ocr_line' id='line_1_1' title="bbox 220 203 861 262; baseline 0.002 -1"><span class='ocrx_word' id='word_1_1' title='bbox 220 203 240 261; x_wconf 82' lang='lat'><em>4</em></span> <span class='ocrx_word' id='word_1_2' title='bbox 524 218 861 262; x_wconf 80' lang='lat' dir='ltr'>r.vrne1n11uanou1s</span> 
     </span>
    </p>
   </div>
   <div class='ocr_carea' id='block_1_2' title="bbox 188 358 1107 4025">
    <p class='ocr_par' dir='ltr' id='par_1_2' title="bbox 221 358 1039 518">
     <span class='ocr_line' id='line_1_2' title="bbox 221 358 1039 438; baseline 0.005 -22"><span class='ocrx_word' id='word_1_3' title='bbox 221 358 329 418; x_wconf 84' lang='lat' dir='ltr'>Verum</span> <span class='ocrx_word' id='word_1_4' title='bbox 341 359 402 418; x_wconf 84' lang='lat' dir='ltr'>haec</span> <span class='ocrx_word' id='word_1_5' title='bbox 414 360 531 418; x_wconf 87' lang='lat' dir='ltr'>tantum</span> <span class='ocrx_word' id='word_1_6' title='bbox 544 361 612 420; x_wconf 89' lang='lat' dir='ltr'>alias</span> <span class='ocrx_word' id='word_1_7' title='bbox 624 362 701 420; x_wconf 89' lang='lat' dir='ltr'>inter</span> <span class='ocrx_word' id='word_1_8' title='bbox 713 364 799 438; x_wconf 88' lang='lat' dir='ltr'>caput</span> <span class='ocrx_word' id='word_1_9' title='bbox 812 361 916 420; x_wconf 88' lang='lat' dir='ltr'>extulit</span> <span class='ocrx_word' id='word_1_10' title='bbox 929 363 1021 434; x_wconf 89' lang='lat' dir='ltr'>urbes,</span> <span class='ocrx_word' id='word_1_11' title='bbox 1035 424 1039 431; x_wconf 63' lang='grc'>,</span> 
     </span>
     <span class='ocr_line' id='line_1_3' title="bbox 221 439 933 518; baseline 0.006 -22"><span class='ocrx_word' id='word_1_12' title='bbox 221 439 369 511; x_wconf 75' lang='lat' dir='ltr'>Quantum</span> <span class='ocrx_word' id='word_1_13' title='bbox 381 439 461 498; x_wconf 85' lang='lat' dir='ltr'>lenta</span> <span class='ocrx_word' id='word_1_14' title='bbox 473 440 566 499; x_wconf 88' lang='lat' dir='ltr'>solent</span> <span class='ocrx_word' id='word_1_15' title='bbox 579 442 655 500; x_wconf 87' lang='lat' dir='ltr'>inter</span> <span class='ocrx_word' id='word_1_16' title='bbox 667 441 788 500; x_wconf 80' lang='lat' dir='ltr'>viburna</span> <span class='ocrx_word' id='word_1_17' title='bbox 801 442 933 518; x_wconf 81' lang='lat' dir='ltr'>cupressi.</span> 
     </span>
    </p>

    <p class='ocr_par' dir='ltr' id='par_1_3' title="bbox 260 518 1107 596">
     <span class='ocr_line' id='line_1_4' title="bbox 260 518 1107 596; baseline 0.007 -20"><span class='ocrx_word' id='word_1_18' title='bbox 260 518 345 578; x_wconf 75' lang='lat' dir='ltr'>Mun.</span> <span class='ocrx_word' id='word_1_19' title='bbox 365 519 407 577; x_wconf 82' lang='lat' dir='ltr'>Et</span> <span class='ocrx_word' id='word_1_20' title='bbox 421 540 482 596; x_wconf 86' lang='lat' dir='ltr'>quac</span> <span class='ocrx_word' id='word_1_21' title='bbox 494 523 578 579; x_wconf 88' lang='lat' dir='ltr'>tanta</span> <span class='ocrx_word' id='word_1_22' title='bbox 590 521 647 580; x_wconf 88' lang='lat' dir='ltr'>fuit</span> <span class='ocrx_word' id='word_1_23' title='bbox 660 521 785 579; x_wconf 82' lang='lat' dir='ltr'><strong>Romam</strong></span> <span class='ocrx_word' id='word_1_24' title='bbox 799 521 855 580; x_wconf 89' lang='lat' dir='ltr'>tibi</span> <span class='ocrx_word' id='word_1_25' title='bbox 868 542 952 580; x_wconf 88' lang='lat' dir='ltr'>causa</span> <span class='ocrx_word' id='word_1_26' title='bbox 963 521 1078 580; x_wconf 84' lang='lat' dir='ltr'>videndi</span> <span class='ocrx_word' id='word_1_27' title='bbox 1093 523 1107 582; x_wconf 78' lang='grc' dir='ltr'><strong><em>Ρ</em></strong></span> 
     </span>
    </p>

    <p class='ocr_par' dir='ltr' id='par_1_4' title="bbox 222 597 1098 1076">
     <span class='ocr_line' id='line_1_5' title="bbox 261 597 1053 678; baseline 0.006 -23"><span class='ocrx_word' id='word_1_28' title='bbox 261 597 330 656; x_wconf 75' lang='lat' dir='ltr'>Tm.</span> <span class='ocrx_word' id='word_1_29' title='bbox 351 598 499 673; x_wconf 82' lang='lat' dir='ltr'>Libertas3</span> <span class='ocrx_word' id='word_1_30' title='bbox 519 620 581 677; x_wconf 84' lang='lat' dir='ltr'>quae</span> <span class='ocrx_word' id='word_1_31' title='bbox 595 621 664 672; x_wconf 90' lang='lat' dir='ltr'>sera,</span> <span class='ocrx_word' id='word_1_32' title='bbox 677 603 775 658; x_wconf 88' lang='lat' dir='ltr'>tamen</span> <span class='ocrx_word' id='word_1_33' title='bbox 787 601 910 678; x_wconf 86' lang='lat' dir='ltr'>respexit</span> <span class='ocrx_word' id='word_1_34' title='bbox 922 601 1053 675; x_wconf 87' lang='lat' dir='ltr'>inertem,</span> 
     </span>
     <span class='ocr_line' id='line_1_6' title="bbox 223 675 940 756; baseline 0.007 -22"><span class='ocrx_word' id='word_1_35' title='bbox 223 675 377 737; x_wconf 78' lang='lat' dir='ltr'>Candidior</span> <span class='ocrx_word' id='word_1_36' title='bbox 389 682 542 756; x_wconf 90' lang='lat' dir='ltr'>postquam</span> <span class='ocrx_word' id='word_1_37' title='bbox 554 680 688 739; x_wconf 89' lang='lat' dir='ltr'>tondenti</span> <span class='ocrx_word' id='word_1_38' title='bbox 702 680 790 739; x_wconf 89' lang='lat' dir='ltr'>barba</span> <span class='ocrx_word' id='word_1_39' title='bbox 803 681 921 739; x_wconf 84' lang='lat' dir='ltr'>cadebat</span> <span class='ocrx_word' id='word_1_40' title='bbox 933 705 940 753; x_wconf 92' lang='lat'>;</span> 
     </span>
     <span class='ocr_line' id='line_1_7' title="bbox 222 755 944 839; baseline 0.006 -25"><span class='ocrx_word' id='word_1_41' title='bbox 222 755 361 835; x_wconf 73' lang='lat' dir='ltr'>Respexit</span> <span class='ocrx_word' id='word_1_42' title='bbox 373 761 479 830; x_wconf 88' lang='lat' dir='ltr'>tamen,</span> <span class='ocrx_word' id='word_1_43' title='bbox 492 762 523 818; x_wconf 89' lang='lat' dir='ltr'>et</span> <span class='ocrx_word' id='word_1_44' title='bbox 535 759 621 839; x_wconf 85' lang='lat' dir='ltr'>longo</span> <span class='ocrx_word' id='word_1_45' title='bbox 634 763 700 837; x_wconf 90' lang='lat' dir='ltr'>post</span> <span class='ocrx_word' id='word_1_46' title='bbox 713 762 842 837; x_wconf 88' lang='lat' dir='ltr'>tempore</span> <span class='ocrx_word' id='word_1_47' title='bbox 855 760 944 833; x_wconf 84' lang='lat' dir='ltr'>venit,</span> 
     </span>
     <span class='ocr_line' id='line_1_8' title="bbox 222 835 1098 918; baseline 0.007 -24"><span class='ocrx_word' id='word_1_48' title='bbox 222 835 382 915; x_wconf 87' lang='lat' dir='ltr'>Postquam</span> <span class='ocrx_word' id='word_1_49' title='bbox 394 857 446 896; x_wconf 88' lang='lat' dir='ltr'>nos</span> <span class='ocrx_word' id='word_1_50' title='bbox 459 839 614 917; x_wconf 87' lang='lat' dir='ltr'>Amaryllis</span> <span class='ocrx_word' id='word_1_51' title='bbox 627 839 723 911; x_wconf 89' lang='lat' dir='ltr'>habet,</span> <span class='ocrx_word' id='word_1_52' title='bbox 738 839 857 899; x_wconf 84' lang='lat' dir='ltr'>Galatea</span> <span class='ocrx_word' id='word_1_53' title='bbox 869 840 993 918; x_wconf 89' lang='lat' dir='ltr'>reliquit.</span> <span class='ocrx_word' id='word_1_54' title='bbox 1094 891 1098 900; x_wconf 92' lang='lat'>.</span> 
     </span>
     <span class='ocr_line' id='line_1_9' title="bbox 222 915 991 995; baseline 0.007 -21"><span class='ocrx_word' id='word_1_55' title='bbox 222 915 479 995; x_wconf 84' lang='lat' dir='ltr'>Namquefatebor</span> <span class='ocrx_word' id='word_1_56' title='bbox 492 919 577 990; x_wconf 89' lang='lat' dir='ltr'>enim,</span> <span class='ocrx_word' id='word_1_57' title='bbox 591 920 661 977; x_wconf 91' lang='lat' dir='ltr'>dum</span> <span class='ocrx_word' id='word_1_58' title='bbox 674 939 720 977; x_wconf 90' lang='lat' dir='ltr'>me</span> <span class='ocrx_word' id='word_1_59' title='bbox 733 919 853 978; x_wconf 78' lang='lat' dir='ltr'>Galatea</span> <span class='ocrx_word' id='word_1_60' title='bbox 865 921 991 991; x_wconf 89' lang='lat' dir='ltr'>tenebat,</span> 
     </span>
     <span class='ocr_line' id='line_1_10' title="bbox 222 994 857 1076; baseline 0.008 -24"><span class='ocrx_word' id='word_1_61' title='bbox 222 994 285 1057; x_wconf 87' lang='lat' dir='ltr'>Neo</span> <span class='ocrx_word' id='word_1_62' title='bbox 299 1017 362 1074; x_wconf 79' lang='lat' dir='ltr'>spes</span> <span class='ocrx_word' id='word_1_63' title='bbox 374 997 516 1057; x_wconf 88' lang='lat' dir='ltr'>libertatis</span> <span class='ocrx_word' id='word_1_64' title='bbox 528 1003 598 1070; x_wconf 88' lang='lat' dir='ltr'>erat,</span> <span class='ocrx_word' id='word_1_65' title='bbox 611 1019 664 1057; x_wconf 89' lang='lat' dir='ltr'>neo</span> <span class='ocrx_word' id='word_1_66' title='bbox 677 1018 744 1057; x_wconf 88' lang='lat' dir='ltr'>cura</span> <span class='ocrx_word' id='word_1_67' title='bbox 755 999 857 1076; x_wconf 84' lang='lat' dir='ltr'>peculi.</span> 
     </span>
    </p>

    <p class='ocr_par' dir='ltr' id='par_1_5' title="bbox 223 1074 1067 1314">
     <span class='ocr_line' id='line_1_11' title="bbox 224 1074 899 1156; baseline 0.004 -22"><span class='ocrx_word' id='word_1_68' title='bbox 224 1074 360 1145; x_wconf 78' lang='lat' dir='ltr'>Quamvis</span> <span class='ocrx_word' id='word_1_69' title='bbox 373 1077 466 1135; x_wconf 83' lang='lat' dir='ltr'>multa</span> <span class='ocrx_word' id='word_1_70' title='bbox 478 1078 548 1136; x_wconf 88' lang='lat' dir='ltr'>meis</span> <span class='ocrx_word' id='word_1_71' title='bbox 562 1078 651 1137; x_wconf 85' lang='lat' dir='ltr'>exiret</span> <span class='ocrx_word' id='word_1_72' title='bbox 663 1078 782 1136; x_wconf 83' lang='lat' dir='ltr'>victima</span> <span class='ocrx_word' id='word_1_73' title='bbox 795 1078 899 1156; x_wconf 83' lang='lat' dir='ltr'>saeptis,</span> 
     </span>
     <span class='ocr_line' id='line_1_12' title="bbox 224 1151 909 1235; baseline 0.003 -20"><span class='ocrx_word' id='word_1_74' title='bbox 224 1151 345 1235; x_wconf 85' lang='lat' dir='ltr'>Pinguis</span> <span class='ocrx_word' id='word_1_75' title='bbox 358 1160 389 1214; x_wconf 89' lang='lat' dir='ltr'>et</span> <span class='ocrx_word' id='word_1_76' title='bbox 400 1157 520 1234; x_wconf 69' lang='lat' dir='ltr'>ingratae</span> <span class='ocrx_word' id='word_1_77' title='bbox 532 1161 707 1235; x_wconf 78' lang='lat' dir='ltr'>premeretur</span> <span class='ocrx_word' id='word_1_78' title='bbox 719 1178 815 1216; x_wconf 89' lang='lat' dir='ltr'>caseus</span> <span class='ocrx_word' id='word_1_79' title='bbox 828 1159 909 1217; x_wconf 91' lang='lat' dir='ltr'>urbi:</span> 
     </span>
     <span class='ocr_line' id='line_1_13' title="bbox 223 1237 1067 1314; baseline -0.002 -17"><span class='ocrx_word' id='word_1_80' title='bbox 223 1239 293 1297; x_wconf 89' lang='lat' dir='ltr'>Non</span> <span class='ocrx_word' id='word_1_81' title='bbox 306 1256 433 1314; x_wconf 89' lang='lat' dir='ltr'>unquam</span> <span class='ocrx_word' id='word_1_82' title='bbox 446 1237 540 1314; x_wconf 58' lang='lat' dir='ltr'>mavis</span> <span class='ocrx_word' id='word_1_83' title='bbox 554 1257 608 1296; x_wconf 83' lang='lat' dir='ltr'>aere</span> <span class='ocrx_word' id='word_1_84' title='bbox 621 1238 738 1296; x_wconf 92' lang='lat' dir='ltr'>domum</span> <span class='ocrx_word' id='word_1_85' title='bbox 750 1237 823 1295; x_wconf 86' lang='lat' dir='ltr'>mihi</span> <span class='ocrx_word' id='word_1_86' title='bbox 836 1238 936 1297; x_wconf 89' lang='lat' dir='ltr'>dextra</span> <span class='ocrx_word' id='word_1_87' title='bbox 947 1237 1067 1297; x_wconf 76' lang='lat' dir='ltr'>redibat.</span> 
     </span>
    </p>

    <p class='ocr_par' dir='ltr' id='par_1_6' title="bbox 225 1316 1081 1474">
     <span class='ocr_line' id='line_1_14' title="bbox 262 1316 1081 1396; baseline 0.002 -22"><span class='ocrx_word' id='word_1_88' title='bbox 262 1316 342 1374; x_wconf 76' lang='lat' dir='ltr'>Mun.</span> <span class='ocrx_word' id='word_1_89' title='bbox 363 1316 499 1389; x_wconf 77' lang='lat' dir='ltr'>Mirabar,</span> <span class='ocrx_word' id='word_1_90' title='bbox 512 1317 581 1395; x_wconf 88' lang='lat' dir='ltr'>quid</span> <span class='ocrx_word' id='word_1_91' title='bbox 593 1320 694 1375; x_wconf 87' lang='lat' dir='ltr'>maesta</span> <span class='ocrx_word' id='word_1_92' title='bbox 706 1318 781 1388; x_wconf 90' lang='lat' dir='ltr'>deos,</span> <span class='ocrx_word' id='word_1_93' title='bbox 794 1318 945 1396; x_wconf 91' lang='lat' dir='ltr'>Amarylli,</span> <span class='ocrx_word' id='word_1_94' title='bbox 957 1338 1081 1390; x_wconf 67' lang='lat' dir='ltr'>vocares</span> 
     </span>
     <span class='ocr_line' id='line_1_15' title="bbox 225 1397 895 1474; baseline 0 -19"><span class='ocrx_word' id='word_1_95' title='bbox 225 1397 280 1455; x_wconf 84' lang='lat' dir='ltr'>Cui</span> <span class='ocrx_word' id='word_1_96' title='bbox 291 1397 413 1473; x_wconf 88' lang='lat' dir='ltr'>pendere</span> <span class='ocrx_word' id='word_1_97' title='bbox 426 1416 477 1454; x_wconf 88' lang='lat' dir='ltr'>sua</span> <span class='ocrx_word' id='word_1_98' title='bbox 488 1397 624 1473; x_wconf 85' lang='lat' dir='ltr'>patereris</span> <span class='ocrx_word' id='word_1_99' title='bbox 637 1397 668 1454; x_wconf 90' lang='lat' dir='ltr'>in</span> <span class='ocrx_word' id='word_1_100' title='bbox 681 1397 779 1455; x_wconf 88' lang='lat' dir='ltr'>arbore</span> <span class='ocrx_word' id='word_1_101' title='bbox 792 1417 877 1474; x_wconf 88' lang='lat' dir='ltr'>poma</span> <span class='ocrx_word' id='word_1_102' title='bbox 888 1423 895 1470; x_wconf 92' lang='lat'>;</span> 
     </span>
    </p>

    <p class='ocr_par' dir='ltr' id='par_1_7' title="bbox 227 1475 942 1634">
     <span class='ocr_line' id='line_1_16' title="bbox 227 1475 942 1555; baseline 0 -20"><span class='ocrx_word' id='word_1_103' title='bbox 227 1477 347 1553; x_wconf 79' lang='lat' dir='ltr'>Tityrus</span> <span class='ocrx_word' id='word_1_104' title='bbox 360 1475 427 1534; x_wconf 89' lang='lat' dir='ltr'>hinc</span> <span class='ocrx_word' id='word_1_105' title='bbox 440 1476 546 1535; x_wconf 87' lang='lat' dir='ltr'>aberat.</span> <span class='ocrx_word' id='word_1_106' title='bbox 587 1475 661 1554; x_wconf 84' lang='lat' dir='ltr'>Ipsae</span> <span class='ocrx_word' id='word_1_107' title='bbox 674 1481 713 1548; x_wconf 89' lang='lat' dir='ltr'>te,</span> <span class='ocrx_word' id='word_1_108' title='bbox 727 1476 836 1554; x_wconf 82' lang='lat' dir='ltr'>Tityre,</span> <span class='ocrx_word' id='word_1_109' title='bbox 849 1477 942 1555; x_wconf 90' lang='lat' dir='ltr'>pinus,</span> 
     </span>
     <span class='ocr_line' id='line_1_17' title="bbox 228 1555 889 1634; baseline 0 -20"><span class='ocrx_word' id='word_1_110' title='bbox 228 1555 291 1634; x_wconf 91' lang='lat' dir='ltr'>Ipsi</span> <span class='ocrx_word' id='word_1_111' title='bbox 303 1559 334 1614; x_wconf 90' lang='lat' dir='ltr'>te</span> <span class='ocrx_word' id='word_1_112' title='bbox 347 1555 449 1627; x_wconf 87' lang='lat' dir='ltr'>fontes,</span> <span class='ocrx_word' id='word_1_113' title='bbox 462 1555 525 1632; x_wconf 89' lang='lat' dir='ltr'>ipsa</span> <span class='ocrx_word' id='word_1_114' title='bbox 537 1555 597 1615; x_wconf 76' lang='lat' dir='ltr'>hac</span> <span class='ocrx_word' id='word_1_115' title='bbox 611 1557 728 1615; x_wconf 86' lang='lat' dir='ltr'>arbusta</span> <span class='ocrx_word' id='word_1_116' title='bbox 739 1557 889 1615; x_wconf 86' lang='lat' dir='ltr'>vocabant.</span> 
     </span>
    </p>

    <p class='ocr_par' dir='ltr' id='par_1_8' title="bbox 264 1634 1097 1711">
     <span class='ocr_line' id='line_1_18' title="bbox 264 1634 1097 1711; baseline 0.001 -18"><span class='ocrx_word' id='word_1_117' title='bbox 264 1636 330 1693; x_wconf 71' lang='grc' dir='ltr'>ΤΠ.</span> <span class='ocrx_word' id='word_1_118' title='bbox 351 1635 428 1708; x_wconf 75' lang='lat' dir='ltr'>Quid</span> <span class='ocrx_word' id='word_1_119' title='bbox 440 1634 583 1694; x_wconf 76' lang='lat' dir='ltr'>facerem?</span> <span class='ocrx_word' id='word_1_120' title='bbox 604 1656 695 1711; x_wconf 90' lang='lat' dir='ltr'>neque</span> <span class='ocrx_word' id='word_1_121' title='bbox 708 1636 824 1694; x_wconf 90' lang='lat' dir='ltr'>servitio</span> <span class='ocrx_word' id='word_1_122' title='bbox 837 1657 883 1695; x_wconf 90' lang='lat' dir='ltr'>me</span> <span class='ocrx_word' id='word_1_123' title='bbox 897 1637 972 1695; x_wconf 87' lang='lat' dir='ltr'>exiro</span> <span class='ocrx_word' id='word_1_124' title='bbox 984 1635 1097 1707; x_wconf 77' lang='lat' dir='ltr'>beabat,</span> 
     </span>
    </p>

    <p class='ocr_par' dir='ltr' id='par_1_9' title="bbox 227 1714 894 1793">
     <span class='ocr_line' id='line_1_19' title="bbox 227 1714 894 1793; baseline -0.001 -19"><span class='ocrx_word' id='word_1_125' title='bbox 227 1714 259 1773; x_wconf 90' lang='lat' dir='ltr'>N</span> <span class='ocrx_word' id='word_1_126' title='bbox 259 1736 291 1774; x_wconf 89' lang='lat' dir='ltr'>ec</span> <span class='ocrx_word' id='word_1_127' title='bbox 304 1718 366 1773; x_wconf 87' lang='lat' dir='ltr'>tam</span> <span class='ocrx_word' id='word_1_128' title='bbox 379 1718 532 1793; x_wconf 85' lang='lat' dir='ltr'>praesentes</span> <span class='ocrx_word' id='word_1_129' title='bbox 546 1715 613 1773; x_wconf 85' lang='lat' dir='ltr'>alibi</span> <span class='ocrx_word' id='word_1_130' title='bbox 626 1735 793 1792; x_wconf 82' lang='lat' dir='ltr'>cognoscere</span> <span class='ocrx_word' id='word_1_131' title='bbox 806 1715 894 1774; x_wconf 78' lang='lat' dir='ltr'>divos.</span> 
     </span>
    </p>

    <p class='ocr_par' dir='ltr' id='par_1_10' title="bbox 225 1794 930 1873">
     <span class='ocr_line' id='line_1_20' title="bbox 225 1794 930 1873; baseline 0.003 -21"><span class='ocrx_word' id='word_1_132' title='bbox 225 1795 285 1854; x_wconf 91' lang='lat' dir='ltr'>Hic</span> <span class='ocrx_word' id='word_1_133' title='bbox 297 1795 380 1852; x_wconf 92' lang='lat' dir='ltr'>illum</span> <span class='ocrx_word' id='word_1_134' title='bbox 393 1795 454 1852; x_wconf 79' lang='lat' dir='ltr'>vidi</span> <span class='ocrx_word' id='word_1_135' title='bbox 463 1794 606 1872; x_wconf 84' lang='lat' dir='ltr'>juvenem,</span> <span class='ocrx_word' id='word_1_136' title='bbox 621 1795 763 1866; x_wconf 86' lang='lat' dir='ltr'>Meliboee,</span> <span class='ocrx_word' id='word_1_137' title='bbox 778 1796 930 1873; x_wconf 82' lang='lat' dir='ltr'>quotannis</span> 
     </span>
    </p>

    <p class='ocr_par' dir='ltr' id='par_1_11' title="bbox 225 1873 866 1933">
     <span class='ocr_line' id='line_1_21' title="bbox 225 1873 866 1933; baseline -0.002 -1"><span class='ocrx_word' id='word_1_138' title='bbox 225 1875 277 1933; x_wconf 93' lang='lat' dir='ltr'>Bis</span> <span class='ocrx_word' id='word_1_139' title='bbox 293 1894 374 1933; x_wconf 89' lang='lat' dir='ltr'>senos</span> <span class='ocrx_word' id='word_1_140' title='bbox 388 1874 434 1932; x_wconf 89' lang='lat' dir='ltr'>oui</span> <span class='ocrx_word' id='word_1_141' title='bbox 446 1878 546 1932; x_wconf 90' lang='lat' dir='ltr'>nostra</span> <span class='ocrx_word' id='word_1_142' title='bbox 558 1873 617 1932; x_wconf 93' lang='lat' dir='ltr'>dies</span> <span class='ocrx_word' id='word_1_143' title='bbox 631 1875 732 1933; x_wconf 87' lang='lat' dir='ltr'>altaria</span> <span class='ocrx_word' id='word_1_144' title='bbox 744 1875 866 1933; x_wconf 89' lang='lat' dir='ltr'>fumant.</span> 
     </span>
    </p>

    <p class='ocr_par' dir='ltr' id='par_1_12' title="bbox 224 1953 965 2031">
     <span class='ocr_line' id='line_1_22' title="bbox 224 1953 965 2031; baseline 0.003 -20"><span class='ocrx_word' id='word_1_145' title='bbox 224 1954 284 2013; x_wconf 89' lang='lat' dir='ltr'>Hic</span> <span class='ocrx_word' id='word_1_146' title='bbox 297 1953 370 2011; x_wconf 89' lang='lat' dir='ltr'>mihi</span> <span class='ocrx_word' id='word_1_147' title='bbox 382 1973 548 2030; x_wconf 91' lang='lat' dir='ltr'>responsum</span> <span class='ocrx_word' id='word_1_148' title='bbox 561 1954 669 2030; x_wconf 90' lang='lat' dir='ltr'>primus</span> <span class='ocrx_word' id='word_1_149' title='bbox 683 1954 762 2013; x_wconf 87' lang='lat' dir='ltr'>dedit</span> <span class='ocrx_word' id='word_1_150' title='bbox 775 1954 823 2013; x_wconf 88' lang='lat' dir='ltr'>illc</span> <span class='ocrx_word' id='word_1_151' title='bbox 836 1954 965 2031; x_wconf 86' lang='lat' dir='ltr'>petenti:</span> 
     </span>
    </p>

    <p class='ocr_par' dir='ltr' id='par_1_13' title="bbox 188 2033 1056 2190">
     <span class='ocr_line' id='line_1_23' title="bbox 227 2033 1056 2110; baseline -0.001 -19"><span class='ocrx_word' id='word_1_152' title='bbox 227 2038 244 2064; x_wconf 90' lang='lat'>“</span> <span class='ocrx_word' id='word_1_153' title='bbox 255 2033 377 2104; x_wconf 82' lang='lat' dir='ltr'>Pascite,</span> <span class='ocrx_word' id='word_1_154' title='bbox 390 2037 425 2090; x_wconf 92' lang='lat' dir='ltr'>ut</span> <span class='ocrx_word' id='word_1_155' title='bbox 438 2035 513 2105; x_wconf 89' lang='lat' dir='ltr'>ante,</span> <span class='ocrx_word' id='word_1_156' title='bbox 526 2034 621 2105; x_wconf 87' lang='lat' dir='ltr'>boves,</span> <span class='ocrx_word' id='word_1_157' title='bbox 634 2034 715 2110; x_wconf 90' lang='lat' dir='ltr'>pueri</span> <span class='ocrx_word' id='word_1_158' title='bbox 726 2059 733 2106; x_wconf 81' lang='lat'><em>3</em></span> <span class='ocrx_word' id='word_1_159' title='bbox 753 2035 916 2093; x_wconf 86' lang='lat' dir='ltr'>submittite</span> <span class='ocrx_word' id='word_1_160' title='bbox 929 2033 1056 2092; x_wconf 86' lang='lat' dir='ltr'>tauros.’&#39;</span> 
     </span>
     <span class='ocr_line' id='line_1_24' title="bbox 188 2098 1049 2190; baseline -0.001 -19"><span class='ocrx_word' id='word_1_161' title='bbox 188 2098 219 2152; x_wconf 47' lang='grc' dir='ltr'>Ἰ(</span> <span class='ocrx_word' id='word_1_162' title='bbox 265 2112 349 2171; x_wconf 74' lang='lat' dir='ltr'>Mun.</span> <span class='ocrx_word' id='word_1_163' title='bbox 370 2113 529 2172; x_wconf 83' lang='lat' dir='ltr'>Fortunate</span> <span class='ocrx_word' id='word_1_164' title='bbox 542 2132 635 2184; x_wconf 84' lang='lat' dir='ltr'>senex,</span> <span class='ocrx_word' id='word_1_165' title='bbox 649 2133 717 2190; x_wconf 83' lang='lat' dir='ltr'>ergo</span> <span class='ocrx_word' id='word_1_166' title='bbox 730 2116 783 2171; x_wconf 88' lang='lat' dir='ltr'>tua</span> <span class='ocrx_word' id='word_1_167' title='bbox 795 2134 862 2172; x_wconf 91' lang='lat' dir='ltr'>rura</span> <span class='ocrx_word' id='word_1_168' title='bbox 874 2113 1049 2172; x_wconf 88' lang='lat' dir='ltr'>manebunt!</span> 
     </span>
    </p>

    <p class='ocr_par' dir='ltr' id='par_1_14' title="bbox 226 2192 986 2270">
     <span class='ocr_line' id='line_1_25' title="bbox 226 2192 986 2270; baseline 0.003 -21"><span class='ocrx_word' id='word_1_169' title='bbox 226 2192 269 2250; x_wconf 84' lang='lat' dir='ltr'>Et</span> <span class='ocrx_word' id='word_1_170' title='bbox 281 2193 337 2251; x_wconf 92' lang='lat' dir='ltr'>tibi</span> <span class='ocrx_word' id='word_1_171' title='bbox 349 2212 454 2270; x_wconf 81' lang='lat' dir='ltr'>magna</span> <span class='ocrx_word' id='word_1_172' title='bbox 467 2192 545 2263; x_wconf 88' lang='lat' dir='ltr'>satis,</span> <span class='ocrx_word' id='word_1_173' title='bbox 558 2193 687 2269; x_wconf 88' lang='lat' dir='ltr'>quamvis</span> <span class='ocrx_word' id='word_1_174' title='bbox 699 2193 771 2270; x_wconf 88' lang='lat' dir='ltr'>lapis</span> <span class='ocrx_word' id='word_1_175' title='bbox 785 2194 881 2252; x_wconf 89' lang='lat' dir='ltr'>omnia</span> <span class='ocrx_word' id='word_1_176' title='bbox 892 2194 986 2251; x_wconf 90' lang='lat' dir='ltr'>nudus</span> 
     </span>
    </p>

    <p class='ocr_par' dir='ltr' id='par_1_15' title="bbox 226 2271 847 2350">
     <span class='ocr_line' id='line_1_26' title="bbox 226 2271 847 2350; baseline 0.003 -21"><span class='ocrx_word' id='word_1_177' title='bbox 226 2271 397 2350; x_wconf 86' lang='lat' dir='ltr'>Limosoque</span> <span class='ocrx_word' id='word_1_178' title='bbox 409 2273 490 2349; x_wconf 87' lang='lat' dir='ltr'>palus</span> <span class='ocrx_word' id='word_1_179' title='bbox 503 2273 626 2330; x_wconf 87' lang='lat' dir='ltr'>obducat</span> <span class='ocrx_word' id='word_1_180' title='bbox 638 2292 742 2349; x_wconf 89' lang='lat' dir='ltr'>pascua</span> <span class='ocrx_word' id='word_1_181' title='bbox 750 2273 847 2350; x_wconf 88' lang='lat' dir='ltr'>junco.</span> 
     </span>
    </p>

    <p class='ocr_par' dir='ltr' id='par_1_16' title="bbox 226 2351 919 2429">
     <span class='ocr_line' id='line_1_27' title="bbox 226 2351 919 2429; baseline 0.003 -20"><span class='ocrx_word' id='word_1_182' title='bbox 226 2351 296 2412; x_wconf 89' lang='lat' dir='ltr'>Non</span> <span class='ocrx_word' id='word_1_183' title='bbox 308 2353 421 2411; x_wconf 89' lang='lat' dir='ltr'>insueta</span> <span class='ocrx_word' id='word_1_184' title='bbox 433 2372 533 2429; x_wconf 86' lang='lat' dir='ltr'>graves</span> <span class='ocrx_word' id='word_1_185' title='bbox 546 2353 702 2410; x_wconf 90' lang='lat' dir='ltr'>tentabunt</span> <span class='ocrx_word' id='word_1_186' title='bbox 714 2353 819 2429; x_wconf 89' lang='lat' dir='ltr'>pabula</span> <span class='ocrx_word' id='word_1_187' title='bbox 830 2353 919 2424; x_wconf 84' lang='lat' dir='ltr'>fetas3</span> 
     </span>
    </p>

    <p class='ocr_par' dir='ltr' id='par_1_17' title="bbox 226 2429 869 2509">
     <span class='ocr_line' id='line_1_28' title="bbox 226 2429 869 2509; baseline -0.005 -16"><span class='ocrx_word' id='word_1_188' title='bbox 226 2429 290 2493; x_wconf 89' lang='lat' dir='ltr'>Nec</span> <span class='ocrx_word' id='word_1_189' title='bbox 303 2433 378 2491; x_wconf 88' lang='lat' dir='ltr'>mala</span> <span class='ocrx_word' id='word_1_190' title='bbox 390 2432 477 2489; x_wconf 83' lang='lat' dir='ltr'>uicini</span> <span class='ocrx_word' id='word_1_191' title='bbox 489 2432 597 2508; x_wconf 87' lang='lat' dir='ltr'>pecoris</span> <span class='ocrx_word' id='word_1_192' title='bbox 611 2433 744 2509; x_wconf 85' lang='lat' dir='ltr'>contagia</span> <span class='ocrx_word' id='word_1_193' title='bbox 755 2433 869 2491; x_wconf 90' lang='lat' dir='ltr'>laedent.</span> 
     </span>
    </p>

    <p class='ocr_par' dir='ltr' id='par_1_18' title="bbox 226 2511 856 2583">
     <span class='ocr_line' id='line_1_29' title="bbox 226 2511 856 2583; baseline -0.01 -7"><span class='ocrx_word' id='word_1_194' title='bbox 226 2515 387 2575; x_wconf 80' lang='lat' dir='ltr'>Fortunate</span> <span class='ocrx_word' id='word_1_195' title='bbox 400 2531 493 2583; x_wconf 86' lang='lat' dir='ltr'>senex,</span> <span class='ocrx_word' id='word_1_196' title='bbox 507 2511 554 2570; x_wconf 93' lang='lat' dir='ltr'>hic</span> <span class='ocrx_word' id='word_1_197' title='bbox 567 2512 643 2569; x_wconf 88' lang='lat' dir='ltr'>inter</span> <span class='ocrx_word' id='word_1_198' title='bbox 656 2512 774 2570; x_wconf 89' lang='lat' dir='ltr'>flumina</span> <span class='ocrx_word' id='word_1_199' title='bbox 786 2515 856 2571; x_wconf 89' lang='lat' dir='ltr'>nota</span> 
     </span>
    </p>

    <p class='ocr_par' dir='ltr' id='par_1_19' title="bbox 226 2591 872 2668">
     <span class='ocr_line' id='line_1_30' title="bbox 226 2591 872 2668; baseline -0.008 -14"><span class='ocrx_word' id='word_1_200' title='bbox 226 2597 269 2654; x_wconf 81' lang='lat' dir='ltr'>Et</span> <span class='ocrx_word' id='word_1_201' title='bbox 282 2595 377 2651; x_wconf 89' lang='lat' dir='ltr'>fontes</span> <span class='ocrx_word' id='word_1_202' title='bbox 391 2612 483 2649; x_wconf 86' lang='lat' dir='ltr'>sacros</span> <span class='ocrx_word' id='word_1_203' title='bbox 497 2591 587 2668; x_wconf 83' lang='lat' dir='ltr'>frigus</span> <span class='ocrx_word' id='word_1_204' title='bbox 601 2593 728 2668; x_wconf 83' lang='lat' dir='ltr'>captabis</span> <span class='ocrx_word' id='word_1_205' title='bbox 743 2612 872 2668; x_wconf 87' lang='lat' dir='ltr'>opacum.</span> 
     </span>
    </p>

    <p class='ocr_par' dir='ltr' id='par_1_20' title="bbox 227 2671 944 2748">
     <span class='ocr_line' id='line_1_31' title="bbox 227 2671 944 2748; baseline -0.007 -15"><span class='ocrx_word' id='word_1_206' title='bbox 227 2675 307 2733; x_wconf 92' lang='lat' dir='ltr'>Hinc</span> <span class='ocrx_word' id='word_1_207' title='bbox 320 2671 383 2743; x_wconf 90' lang='lat' dir='ltr'>tibi,</span> <span class='ocrx_word' id='word_1_208' title='bbox 397 2691 459 2748; x_wconf 85' lang='lat' dir='ltr'>quae</span> <span class='ocrx_word' id='word_1_209' title='bbox 472 2692 582 2748; x_wconf 90' lang='lat' dir='ltr'>semper</span> <span class='ocrx_word' id='word_1_210' title='bbox 594 2671 688 2729; x_wconf 85' lang='lat' dir='ltr'>vicino</span> <span class='ocrx_word' id='word_1_211' title='bbox 702 2673 737 2731; x_wconf 88' lang='lat' dir='ltr'>ab</span> <span class='ocrx_word' id='word_1_212' title='bbox 751 2672 844 2730; x_wconf 91' lang='lat' dir='ltr'>limite</span> <span class='ocrx_word' id='word_1_213' title='bbox 858 2690 944 2748; x_wconf 83' lang='lat' dir='ltr'>saepes</span> 
     </span>
    </p>

    <p class='ocr_par' dir='ltr' id='par_1_21' title="bbox 228 2750 830 2832">
     <span class='ocr_line' id='line_1_32' title="bbox 228 2750 830 2832; baseline -0.008 -19"><span class='ocrx_word' id='word_1_214' title='bbox 228 2752 360 2832; x_wconf 84' lang='lat' dir='ltr'>Hyblaeis</span> <span class='ocrx_word' id='word_1_215' title='bbox 375 2750 473 2828; x_wconf 89' lang='lat' dir='ltr'>apibus</span> <span class='ocrx_word' id='word_1_216' title='bbox 486 2752 585 2809; x_wconf 91' lang='lat' dir='ltr'>florem</span> <span class='ocrx_word' id='word_1_217' title='bbox 599 2751 717 2828; x_wconf 87' lang='lat' dir='ltr'>depasta</span> <span class='ocrx_word' id='word_1_218' title='bbox 728 2751 830 2823; x_wconf 90' lang='lat' dir='ltr'>salicti,</span> 
     </span>
    </p>

    <p class='ocr_par' dir='ltr' id='par_1_22' title="bbox 229 2831 895 2911">
     <span class='ocr_line' id='line_1_33' title="bbox 229 2831 895 2911; baseline -0.006 -19"><span class='ocrx_word' id='word_1_219' title='bbox 229 2834 309 2911; x_wconf 84' lang='lat' dir='ltr'>Saepe</span> <span class='ocrx_word' id='word_1_220' title='bbox 321 2831 378 2890; x_wconf 87' lang='lat' dir='ltr'>levi</span> <span class='ocrx_word' id='word_1_221' title='bbox 391 2851 524 2889; x_wconf 91' lang='lat' dir='ltr'>somnum</span> <span class='ocrx_word' id='word_1_222' title='bbox 536 2831 666 2890; x_wconf 86' lang='lat' dir='ltr'>suadebit</span> <span class='ocrx_word' id='word_1_223' title='bbox 679 2831 751 2888; x_wconf 90' lang='lat' dir='ltr'>inire</span> <span class='ocrx_word' id='word_1_224' title='bbox 764 2851 895 2889; x_wconf 89' lang='lat' dir='ltr'>susurro:</span> 
     </span>
    </p>

    <p class='ocr_par' dir='ltr' id='par_1_23' title="bbox 229 2911 948 2988">
     <span class='ocr_line' id='line_1_34' title="bbox 229 2911 948 2988; baseline -0.006 -16"><span class='ocrx_word' id='word_1_225' title='bbox 229 2914 309 2972; x_wconf 89' lang='lat' dir='ltr'>Hinc</span> <span class='ocrx_word' id='word_1_226' title='bbox 322 2911 382 2969; x_wconf 88' lang='lat' dir='ltr'>alta</span> <span class='ocrx_word' id='word_1_227' title='bbox 394 2911 446 2969; x_wconf 90' lang='lat' dir='ltr'>sub</span> <span class='ocrx_word' id='word_1_228' title='bbox 460 2931 529 2988; x_wconf 88' lang='lat' dir='ltr'>rupe</span> <span class='ocrx_word' id='word_1_229' title='bbox 543 2914 625 2968; x_wconf 87' lang='lat' dir='ltr'>canet</span> <span class='ocrx_word' id='word_1_230' title='bbox 638 2911 786 2969; x_wconf 84' lang='lat' dir='ltr'>frondator</span> <span class='ocrx_word' id='word_1_231' title='bbox 799 2911 836 2969; x_wconf 87' lang='lat' dir='ltr'>ad</span> <span class='ocrx_word' id='word_1_232' title='bbox 849 2930 948 2980; x_wconf 88' lang='lat' dir='ltr'>auras;</span> 
     </span>
    </p>

    <p class='ocr_par' dir='ltr' id='par_1_24' title="bbox 227 2990 955 3068">
     <span class='ocr_line' id='line_1_35' title="bbox 227 2990 955 3068; baseline -0.007 -16"><span class='ocrx_word' id='word_1_233' title='bbox 227 2992 259 3051; x_wconf 90' lang='lat' dir='ltr'>N</span> <span class='ocrx_word' id='word_1_234' title='bbox 259 3013 290 3052; x_wconf 89' lang='lat' dir='ltr'>ec</span> <span class='ocrx_word' id='word_1_235' title='bbox 303 2996 401 3051; x_wconf 88' lang='lat' dir='ltr'>tamen</span> <span class='ocrx_word' id='word_1_236' title='bbox 413 2990 523 3049; x_wconf 89' lang='lat' dir='ltr'>interea</span> <span class='ocrx_word' id='word_1_237' title='bbox 534 3010 634 3062; x_wconf 69' lang='lat' dir='ltr'>raucae,</span> <span class='ocrx_word' id='word_1_238' title='bbox 647 2993 699 3048; x_wconf 85' lang='lat' dir='ltr'>tua</span> <span class='ocrx_word' id='word_1_239' title='bbox 712 3010 787 3061; x_wconf 90' lang='lat' dir='ltr'>cura,</span> <span class='ocrx_word' id='word_1_240' title='bbox 800 2991 955 3068; x_wconf 88' lang='lat' dir='ltr'>palumbes,</span> 
     </span>
    </p>

    <p class='ocr_par' dir='ltr' id='par_1_25' title="bbox 227 3069 900 3150">
     <span class='ocr_line' id='line_1_36' title="bbox 227 3069 900 3150; baseline -0.007 -18"><span class='ocrx_word' id='word_1_241' title='bbox 227 3073 291 3132; x_wconf 89' lang='lat' dir='ltr'>Nec</span> <span class='ocrx_word' id='word_1_242' title='bbox 304 3089 416 3150; x_wconf 85' lang='lat' dir='ltr'>gemere</span> <span class='ocrx_word' id='word_1_243' title='bbox 430 3069 507 3127; x_wconf 69' lang='lat' dir='ltr'>adria</span> <span class='ocrx_word' id='word_1_244' title='bbox 519 3070 640 3129; x_wconf 89' lang='lat' dir='ltr'>cessabit</span> <span class='ocrx_word' id='word_1_245' title='bbox 652 3073 751 3128; x_wconf 83' lang='lat' dir='ltr'>turtur</span> <span class='ocrx_word' id='word_1_246' title='bbox 764 3071 799 3129; x_wconf 89' lang='lat' dir='ltr'>ab</span> <span class='ocrx_word' id='word_1_247' title='bbox 813 3071 900 3128; x_wconf 93' lang='lat' dir='ltr'>ulmo.</span> 
     </span>
    </p>

    <p class='ocr_par' dir='ltr' id='par_1_26' title="bbox 228 3148 1029 3545">
     <span class='ocr_line' id='line_1_37' title="bbox 267 3148 1029 3226; baseline -0.007 -16"><span class='ocrx_word' id='word_1_248' title='bbox 267 3153 335 3210; x_wconf 70' lang='grc' dir='ltr'>ΤΗ.</span> <span class='ocrx_word' id='word_1_249' title='bbox 355 3150 434 3208; x_wconf 89' lang='lat' dir='ltr'>Ante</span> <span class='ocrx_word' id='word_1_250' title='bbox 446 3149 522 3207; x_wconf 89' lang='lat' dir='ltr'>leves</span> <span class='ocrx_word' id='word_1_251' title='bbox 535 3169 603 3226; x_wconf 89' lang='lat' dir='ltr'>ergo</span> <span class='ocrx_word' id='word_1_252' title='bbox 615 3153 768 3225; x_wconf 89' lang='lat' dir='ltr'>pascentur</span> <span class='ocrx_word' id='word_1_253' title='bbox 780 3150 811 3206; x_wconf 91' lang='lat' dir='ltr'>in</span> <span class='ocrx_word' id='word_1_254' title='bbox 825 3150 930 3208; x_wconf 86' lang='lat' dir='ltr'>aethere</span> <span class='ocrx_word' id='word_1_255' title='bbox 944 3148 1029 3219; x_wconf 88' lang='lat' dir='ltr'>cervi,</span> 
     </span>
     <span class='ocr_line' id='line_1_38' title="bbox 228 3229 895 3306; baseline -0.007 -15"><span class='ocrx_word' id='word_1_256' title='bbox 228 3233 271 3291; x_wconf 81' lang='lat' dir='ltr'>Et</span> <span class='ocrx_word' id='word_1_257' title='bbox 284 3232 358 3290; x_wconf 88' lang='lat' dir='ltr'>freta</span> <span class='ocrx_word' id='word_1_258' title='bbox 371 3230 530 3288; x_wconf 89' lang='lat' dir='ltr'>destituent</span> <span class='ocrx_word' id='word_1_259' title='bbox 543 3229 634 3288; x_wconf 91' lang='lat' dir='ltr'>nudos</span> <span class='ocrx_word' id='word_1_260' title='bbox 648 3230 679 3286; x_wconf 92' lang='lat' dir='ltr'>in</span> <span class='ocrx_word' id='word_1_261' title='bbox 691 3230 776 3288; x_wconf 90' lang='lat' dir='ltr'>litore</span> <span class='ocrx_word' id='word_1_262' title='bbox 788 3230 895 3306; x_wconf 83' lang='lat' dir='ltr'>pisces3</span> 
     </span>
     <span class='ocr_line' id='line_1_39' title="bbox 228 3309 861 3386; baseline -0.006 -16"><span class='ocrx_word' id='word_1_263' title='bbox 228 3313 316 3383; x_wconf 88' lang='lat' dir='ltr'>Ante,</span> <span class='ocrx_word' id='word_1_264' title='bbox 330 3309 480 3386; x_wconf 88' lang='lat' dir='ltr'>pererratis</span> <span class='ocrx_word' id='word_1_265' title='bbox 493 3309 642 3366; x_wconf 88' lang='lat' dir='ltr'>amborum</span> <span class='ocrx_word' id='word_1_266' title='bbox 654 3309 767 3380; x_wconf 91' lang='lat' dir='ltr'>finibus,</span> <span class='ocrx_word' id='word_1_267' title='bbox 782 3309 861 3366; x_wconf 90' lang='lat' dir='ltr'>exsul</span> 
     </span>
     <span class='ocr_line' id='line_1_40' title="bbox 228 3386 1025 3465; baseline -0.008 -15"><span class='ocrx_word' id='word_1_268' title='bbox 228 3393 291 3450; x_wconf 92' lang='lat' dir='ltr'>Aut</span> <span class='ocrx_word' id='word_1_269' title='bbox 304 3389 419 3448; x_wconf 85' lang='lat' dir='ltr'>Ararim</span> <span class='ocrx_word' id='word_1_270' title='bbox 432 3388 558 3446; x_wconf 87' lang='lat' dir='ltr'>Parthus</span> <span class='ocrx_word' id='word_1_271' title='bbox 571 3388 659 3460; x_wconf 91' lang='lat' dir='ltr'>bibet,</span> <span class='ocrx_word' id='word_1_272' title='bbox 674 3392 724 3447; x_wconf 89' lang='lat' dir='ltr'>aut</span> <span class='ocrx_word' id='word_1_273' title='bbox 738 3388 893 3447; x_wconf 78' lang='lat' dir='ltr'>Germania</span> <span class='ocrx_word' id='word_1_274' title='bbox 905 3386 1025 3465; x_wconf 83' lang='lat' dir='ltr'>Tigrim,</span> 
     </span>
     <span class='ocr_line' id='line_1_41' title="bbox 229 3467 895 3545; baseline -0.008 -17"><span class='ocrx_word' id='word_1_275' title='bbox 229 3472 322 3545; x_wconf 84' lang='lat' dir='ltr'>Quam</span> <span class='ocrx_word' id='word_1_276' title='bbox 335 3471 433 3527; x_wconf 90' lang='lat' dir='ltr'>nostro</span> <span class='ocrx_word' id='word_1_277' title='bbox 446 3467 522 3526; x_wconf 92' lang='lat' dir='ltr'>illius</span> <span class='ocrx_word' id='word_1_278' title='bbox 535 3468 648 3526; x_wconf 88' lang='lat' dir='ltr'>labatur</span> <span class='ocrx_word' id='word_1_279' title='bbox 661 3471 775 3544; x_wconf 90' lang='lat' dir='ltr'>pectore</span> <span class='ocrx_word' id='word_1_280' title='bbox 788 3469 895 3526; x_wconf 86' lang='lat' dir='ltr'>vultus.</span> 
     </span>
    </p>

    <p class='ocr_par' dir='ltr' id='par_1_27' title="bbox 229 3547 1053 3786">
     <span class='ocr_line' id='line_1_42' title="bbox 268 3547 990 3617; baseline -0.007 -8"><span class='ocrx_word' id='word_1_281' title='bbox 268 3550 351 3609; x_wconf 76' lang='lat' dir='ltr'>Mun.</span> <span class='ocrx_word' id='word_1_282' title='bbox 373 3549 415 3605; x_wconf 85' lang='lat' dir='ltr'>At</span> <span class='ocrx_word' id='word_1_283' title='bbox 428 3568 480 3606; x_wconf 93' lang='lat' dir='ltr'>nos</span> <span class='ocrx_word' id='word_1_284' title='bbox 492 3547 560 3605; x_wconf 88' lang='lat' dir='ltr'>hinc</span> <span class='ocrx_word' id='word_1_285' title='bbox 574 3547 623 3606; x_wconf 89' lang='lat' dir='ltr'>alii</span> <span class='ocrx_word' id='word_1_286' title='bbox 636 3547 764 3606; x_wconf 85' lang='lat' dir='ltr'>sitientes</span> <span class='ocrx_word' id='word_1_287' title='bbox 777 3548 882 3607; x_wconf 90' lang='lat' dir='ltr'>ibimus</span> <span class='ocrx_word' id='word_1_288' title='bbox 895 3547 990 3617; x_wconf 87' lang='lat' dir='ltr'>Afros,</span> 
     </span>
     <span class='ocr_line' id='line_1_43' title="bbox 229 3627 1053 3706; baseline -0.007 -17"><span class='ocrx_word' id='word_1_289' title='bbox 229 3631 300 3689; x_wconf 90' lang='lat' dir='ltr'>Pars</span> <span class='ocrx_word' id='word_1_290' title='bbox 314 3627 464 3706; x_wconf 82' lang='lat' dir='ltr'>Scythiam</span> <span class='ocrx_word' id='word_1_291' title='bbox 477 3630 508 3686; x_wconf 90' lang='lat' dir='ltr'>et</span> <span class='ocrx_word' id='word_1_292' title='bbox 520 3627 651 3704; x_wconf 88' lang='lat' dir='ltr'>rapidum</span> <span class='ocrx_word' id='word_1_293' title='bbox 665 3627 757 3686; x_wconf 74' lang='lat' dir='ltr'>Cretae</span> <span class='ocrx_word' id='word_1_294' title='bbox 771 3628 917 3686; x_wconf 83' lang='lat' dir='ltr'>veniemus</span> <span class='ocrx_word' id='word_1_295' title='bbox 932 3627 1053 3696; x_wconf 87' lang='lat' dir='ltr'>Oaxem,</span> 
     </span>
     <span class='ocr_line' id='line_1_44' title="bbox 230 3706 856 3786; baseline -0.003 -19"><span class='ocrx_word' id='word_1_296' title='bbox 230 3711 273 3769; x_wconf 82' lang='lat' dir='ltr'>Et</span> <span class='ocrx_word' id='word_1_297' title='bbox 285 3709 400 3786; x_wconf 89' lang='lat' dir='ltr'>penitus</span> <span class='ocrx_word' id='word_1_298' title='bbox 413 3709 478 3766; x_wconf 91' lang='lat' dir='ltr'>toto</span> <span class='ocrx_word' id='word_1_299' title='bbox 492 3706 597 3765; x_wconf 87' lang='lat' dir='ltr'>divisos</span> <span class='ocrx_word' id='word_1_300' title='bbox 610 3708 678 3766; x_wconf 90' lang='lat' dir='ltr'>orbe</span> <span class='ocrx_word' id='word_1_301' title='bbox 690 3707 856 3765; x_wconf 86' lang='lat' dir='ltr'>Britannos.</span> 
     </span>
    </p>

    <p class='ocr_par' dir='ltr' id='par_1_28' title="bbox 228 3786 1002 4025">
     <span class='ocr_line' id='line_1_45' title="bbox 228 3786 945 3866; baseline -0.006 -18"><span class='ocrx_word' id='word_1_302' title='bbox 228 3791 277 3848; x_wconf 85' lang='lat' dir='ltr'>En</span> <span class='ocrx_word' id='word_1_303' title='bbox 289 3808 415 3866; x_wconf 88' lang='lat' dir='ltr'>unquam</span> <span class='ocrx_word' id='word_1_304' title='bbox 427 3786 534 3864; x_wconf 87' lang='lat' dir='ltr'>patrios</span> <span class='ocrx_word' id='word_1_305' title='bbox 546 3787 633 3864; x_wconf 87' lang='lat' dir='ltr'>longo</span> <span class='ocrx_word' id='word_1_306' title='bbox 646 3791 711 3864; x_wconf 91' lang='lat' dir='ltr'>post</span> <span class='ocrx_word' id='word_1_307' title='bbox 724 3790 852 3864; x_wconf 90' lang='lat' dir='ltr'>tempore</span> <span class='ocrx_word' id='word_1_308' title='bbox 865 3788 945 3857; x_wconf 89' lang='lat' dir='ltr'>fines,</span> 
     </span>
     <span class='ocr_line' id='line_1_46' title="bbox 228 3866 984 3945; baseline -0.008 -17"><span class='ocrx_word' id='word_1_309' title='bbox 228 3869 364 3945; x_wconf 89' lang='lat' dir='ltr'>Pauperis</span> <span class='ocrx_word' id='word_1_310' title='bbox 378 3872 408 3927; x_wconf 93' lang='lat' dir='ltr'>et</span> <span class='ocrx_word' id='word_1_311' title='bbox 420 3866 521 3944; x_wconf 81' lang='lat' dir='ltr'>tuguri</span> <span class='ocrx_word' id='word_1_312' title='bbox 535 3870 704 3944; x_wconf 83' lang='lat' dir='ltr'>congestum</span> <span class='ocrx_word' id='word_1_313' title='bbox 717 3867 822 3944; x_wconf 89' lang='lat' dir='ltr'>cespite</span> <span class='ocrx_word' id='word_1_314' title='bbox 836 3867 956 3937; x_wconf 92' lang='lat' dir='ltr'>culmen,</span> <span class='ocrx_word' id='word_1_315' title='bbox 980 3877 984 3883; x_wconf 87' lang='grc'><strong>“</strong></span> 
     </span>
     <span class='ocr_line' id='line_1_47' title="bbox 228 3942 1002 4025; baseline -0.008 -17"><span class='ocrx_word' id='word_1_316' title='bbox 228 3949 301 4008; x_wconf 87' lang='lat' dir='ltr'>Post</span> <span class='ocrx_word' id='word_1_317' title='bbox 314 3949 431 4025; x_wconf 88' lang='lat' dir='ltr'>aliquot,</span> <span class='ocrx_word' id='word_1_318' title='bbox 444 3967 508 4006; x_wconf 89' lang='lat' dir='ltr'>mea</span> <span class='ocrx_word' id='word_1_319' title='bbox 520 3967 609 4025; x_wconf 88' lang='lat' dir='ltr'>regna</span> <span class='ocrx_word' id='word_1_320' title='bbox 620 3947 728 4021; x_wconf 84' lang='lat' dir='ltr'>videns,</span> <span class='ocrx_word' id='word_1_321' title='bbox 742 3947 865 4006; x_wconf 88' lang='lat' dir='ltr'>mirabor</span> <span class='ocrx_word' id='word_1_322' title='bbox 878 3942 1002 4006; x_wconf 82' lang='lat' dir='ltr'>aristas?</span> 
     </span>
    </p>
   </div>
   <div class='ocr_carea' id='block_1_3' title="bbox 0 0 1234 4260">
    <p class='ocr_par' dir='ltr' id='par_1_29' title="bbox 0 0 1234 4260">
     <span class='ocr_line' id='line_1_48' title="bbox 0 0 1234 4260; baseline 0 0"><span class='ocrx_word' id='word_1_323' title='bbox 0 0 1234 4260; x_wconf 95' lang='lat' dir='ltr'> </span> 
     </span>
    </p>
   </div>
  </div>
 </body>
</html>
