2446 4260
459 230 637 275 enoufflcon
650 231 712 272 ms.
727 230 764 272 11.

143 371 235 430 Ausim
247 371 296 431 vel
308 370 391 433 tenui
402 372 491 432 vitem
504 373 682 432 committere
695 374 772 432 sulco
784 397 791 446 ;

140 452 229 511 Altior
242 472 275 510 ao
288 452 403 529 penitus
416 457 500 512 terrae
513 453 649 531 defigitur
661 454 760 511 arbos:

140 531 268 590 AEseulus
281 532 313 590 in
325 532 433 608 primis,
447 553 517 610 quae,
531 536 672 610 quantum
684 532 789 591 vertice
802 531 838 590 ad
851 550 932 590 auras

138 611 289 684 AEtherias‚
301 615 418 671 tantum
431 613 523 672 radice
535 613 566 670 in
580 613 700 671 Tartara
711 611 815 670 tendit.

138 690 214 768 Ergo
227 712 288 750 non
299 691 407 750 hiemes
419 692 506 764 illam,
520 712 579 751 non
591 693 687 764 flabra,
700 711 790 768 neque
802 691 907 750 imbres

138 769 324 844 convellunt3
343 771 465 831 immota
475 773 581 843 manet,
591 772 752 848 multosque
764 775 882 848 nepotes

137 850 232 909 Multa
243 852 340 909 virum
351 852 468 910 volvens
483 851 610 910 durando
624 851 724 910 saeoula
736 850 834 910 vineit.

137 930 209 989 Tum
222 931 315 1003 fortis,
328 931 387 991 late
395 952 488 990 ramos
501 935 531 990 et
543 931 660 990 brachia
671 931 790 989 tendens

138 1009 202 1069 Hue
215 1011 293 1081 illue,
306 1011 400 1069 media
412 1011 474 1088 ipsa
485 1011 633 1090 ingentem
646 1011 768 1069 sustinet
781 1011 920 1068 umbram.

172 1090 256 1149 Neve
268 1090 325 1149 tibi
337 1091 375 1149 ad
387 1090 474 1150 solem
484 1094 605 1169 vergant
614 1090 712 1149 vineta
718 1090 864 1149 cadentem
875 1115 882 1162 ;

138 1168 217 1228 Neve
229 1170 308 1229 inter
320 1170 395 1228 vites
409 1171 536 1230 eor-ulum
552 1191 628 1242 sere3
648 1191 719 1229 neve
731 1170 843 1247 flagella

140 1249 253 1308 Summa
265 1253 332 1328 pete
345 1253 396 1308 aut
410 1270 520 1309 summa
532 1250 677 1328 destringo
690 1270 725 1308 ex
737 1251 835 1308 arbore
847 1249 976 1327 plantam

139 1328 246 1388 Tantus
260 1350 340 1388 amor
351 1337 451 1402 terrae;
469 1350 527 1388 neu
538 1331 613 1388 ferro
625 1329 694 1388 laede
706 1332 802 1388 retuso

140 1408 265 1482 Semina3
285 1429 356 1469 neve
370 1409 436 1468 oleae
449 1409 585 1469 silvestris
597 1410 689 1468 insere
701 1413 826 1468 tnmeosr

139 1487 212 1547 llam
225 1509 302 1567 saepe
314 1489 437 1548 incautis
449 1490 609 1567 pastoribus
622 1489 727 1548 excidit
739 1488 823 1566 igniq

140 1568 199 1641 Qui,
212 1569 316 1627 furtim
328 1569 429 1647 pingui
441 1569 566 1646 primum
578 1570 631 1627 sub
645 1569 748 1628 cortice
759 1572 864 1639 tectus,

139 1645 251 1707 Robora
264 1649 450 1726 comprendit,
462 1648 630 1726 frondesque
643 1648 753 1726 elapsus
765 1649 796 1706 in
809 1648 881 1706 altas

137 1725 291 1806 Ingentem
303 1728 374 1786 ooelo
387 1728 513 1787 sonitum
525 1729 620 1801 dedit;
639 1728 705 1786 inde
717 1732 830 1786 secutus

137 1805 191 1866 Per
204 1828 299 1866 ramos
312 1808 404 1867 victor
416 1828 521 1886 perque
534 1807 593 1867 alta
606 1808 751 1866 eacumina
761 1811 872 1886 regnat,

134 1885 175 1946 Et
188 1891 288 1946 totum
300 1887 423 1946 involvit
435 1888 556 1946 flammis
570 1908 678 1960 nemus,
692 1890 721 1945 et
735 1888 795 1947 ruit
807 1893 901 1946 atram

134 1967 181 2025 Ad
195 1968 300 2025 eoelum
312 1967 391 2044 piosa
403 1988 512 2026 crassus
526 1967 645 2045 ealigine
657 1968 762 2025 nubem
774 1992 780 2026 ε

133 2044 299 2105 Praesertim
312 2047 337 2105 si
349 2050 504 2125 tempestas
517 2047 653 2106 avertice
667 2047 744 2105 silvis

131 2123 282 2199 Incubuit,
295 2126 490 2205 glomeratque
502 2128 594 2185 ferens
606 2126 736 2185 incendio
747 2129 860 2184 ventus.

132 2203 203 2264 Hoo
216 2206 275 2279 ubi,
287 2227 346 2264 non
359 2226 376 2264 a
389 2207 477 2285 stirpe
489 2207 594 2278 valent,
608 2226 745 2283 oaesaeque
759 2207 863 2264 reverti

134 2283 272 2357 Possunt,
286 2287 372 2363 atque
384 2285 443 2344 ima
455 2287 559 2345 similes
572 2286 738 2344 revirescere
750 2289 844 2344 terra:

133 2363 242 2423 Infelix
255 2369 370 2442 superat
382 2366 457 2424 foliis
471 2367 590 2424 oleaster
603 2365 714 2423 amaris.

176 2444 208 2503 N
208 2465 239 2503 ee
253 2446 307 2504 tibi
319 2449 381 2503 tam
393 2445 516 2523 prudens
530 2445 678 2524 quisquam
694 2443 860 2522 persuadeat
874 2448 980 2517 auctor,

135 2525 279 2583 Tellurem
291 2526 376 2584 borea
389 2525 510 2603 rigidam
524 2526 651 2602 spirante.
661 2524 777 2583 moveri.

138 2604 219 2662 Rura
230 2605 297 2682 gelu
309 2607 373 2663 tum
388 2605 493 2664 claudit
506 2605 614 2676 hiems3
634 2625 685 2663 neo
699 2605 805 2662 semine
814 2602 893 2681 jacto

139 2684 307 2743 Concretam
320 2685 431 2762 patitur
443 2684 566 2743 radicem
580 2685 691 2763 affigere
705 2686 797 2742 terrae.

139 2764 256 2841 Optima
267 2765 371 2825 vinetis
385 2765 466 2836 satio,
480 2785 568 2842 quum
580 2784 645 2823 vere
658 2763 773 2822 rubenti

139 2843 265 2902 Candida
276 2844 357 2902 venit
371 2844 439 2915 avio,
452 2844 544 2922 longis
557 2844 649 2902 invisa
661 2843 799 2914 eolubris;

139 2921 236 2982 Prima
247 2923 294 2982 vel
306 2923 454 2982 auctumni
467 2925 521 2982 sub
533 2924 647 3001 frigora,
662 2943 750 3000 quum
762 2921 877 2998 rapidus
891 2922 939 2981 Sol

139 3002 276 3061 Nondum
288 3003 402 3062 hiemen
416 3002 559 3082 contingit
572 3003 659 3081 equis,
669 3004 730 3081 jam
743 3001 869 3078 praeterit
884 3007 977 3061 aestas.

139 3081 195 3140 Ver
207 3084 277 3141 adeo
289 3082 384 3141 frondi
395 3102 552 3153 nemorum,
565 3102 615 3140 ver
627 3082 698 3140 utile
712 3081 789 3139 silvis
799 3106 806 3154 ;

139 3160 210 3220 Vere
222 3166 339 3221 tument
350 3165 436 3220 terroe
450 3166 480 3221 et
492 3162 628 3240 genitalia
641 3161 749 3219 semina
760 3164 891 3239 poscunt.

141 3240 212 3298 Tum
225 3246 307 3320 pater
317 3241 496 3319 omnipotens
509 3242 636 3300 fecundis
649 3240 786 3299 imbribus
800 3240 904 3299 AEther

141 3320 274 3400 (lonjngis
287 3322 318 3378 in
332 3321 473 3399 gremium
489 3322 563 3380 laetae
577 3321 731 3393 descendit,
745 3323 775 3379 et
788 3340 885 3378 omnes

141 3400 259 3479 Magnus
274 3401 335 3473 alit,
347 3421 452 3478 magno
467 3401 638 3459 commixtus
652 3421 774 3478 corpore,
787 3400 871 3458 fetus.

142 3481 212 3539 Avia
224 3485 290 3538 tum
302 3485 436 3539 resonant
449 3481 548 3540 avibus
561 3481 687 3559 virgulta
700 3481 817 3552 canoris,

142 3559 180 3618 Et
192 3561 333 3619 Venerem
346 3561 430 3619 oertis
443 3563 578 3638 repetunt
591 3564 719 3618 armenta
732 3560 846 3618 diebus:

143 3638 268 3698 Parturit
282 3641 373 3699 almus
386 3661 461 3718 ager,
475 3640 646 3718 zephyrique
658 3640 827 3717 tepentibus
836 3637 910 3695 auris

144 3717 251 3779 Laxant
265 3740 332 3779 arva
345 3721 439 3793 sinus3
460 3724 575 3797 superat
588 3723 670 3778 tener
683 3719 813 3778 omnibus
826 3717 944 3774 humor:

145 3797 231 3877 Inque
244 3821 334 3858 novos
347 3800 419 3859 soles
433 3800 539 3858 audent
554 3820 583 3858 se
596 3799 725 3877 germina
736 3801 803 3855 tuto

146 3877 269 3952 Credere,
282 3900 334 3938 neo
346 3879 451 3938 metuit
465 3883 613 3957 surgentes
626 3877 778 3956 pampinus
792 3875 910 3947 austros,

147 3958 202 4017 Aut
215 3963 313 4019 aetum
326 3959 397 4018 ooelo
409 3958 521 4038 magnis
536 3958 712 4037 aquilonibus
725 3955 862 4041 imbrem:
