2446 4260
131 207 173 265 42
437 225 465 266 r.
479 224 619 266 imorum
631 224 773 268 morus

135 365 214 424 Nam
226 385 317 443 neque
330 367 393 423 tum
408 367 498 425 stellis
512 368 584 426 ecies
598 368 700 426 obtusa
712 368 834 441 videtur,
848 366 850 370 ’

135 444 199 503 Nec
212 445 307 504 fratris
320 444 405 504 radiis
419 448 541 506 obnoxia
554 468 667 525 surgere
681 447 773 520 Luna,

136 524 246 582 Tenuia
256 546 309 583 nec
321 525 394 585 lanae
406 547 457 604 per
470 527 574 585 coelum
586 528 689 587 vellera
701 528 784 600 ferri3

136 603 206 662 Non
218 604 346 682 tepidum
361 607 397 664 ad
410 606 498 665 solem
511 627 617 684 pennas
630 607 661 664 in
674 607 758 666 litore
770 608 901 685 pandunt

136 683 259 743 Dilectae
272 685 390 743 Thetidi
402 686 548 765 alcyones3
568 706 627 744 non
640 707 687 745 ore
701 687 809 746 solutos

137 763 285 822 Immundi
297 766 450 824 meminere
464 786 527 824 sues
536 766 644 844 jactare
658 767 812 844 maniplos:

137 844 180 902 At
193 844 304 902 nebulee
317 845 409 923 magis
422 845 481 904 ima
492 849 598 924 petimt
611 866 765 924 campoque
777 847 966 919 recumbunt;

138 923 211 981 Solis
224 927 254 982 εὴ
267 944 397 982 occasum
410 945 524 984 servans
537 926 572 984 de
586 926 708 984 culmine
721 947 833 985 summo

138 1003 339 1081 Nequidquam
352 1025 427 1063 seros
441 1010 552 1064 exercet
564 1009 671 1063 noctua
683 1010 793 1064 cantus.

139 1083 268 1160 Apparet
280 1083 387 1161 liquido
401 1085 528 1147 sublimis
542 1085 572 1143 in
585 1089 650 1143 aere
663 1085 762 1157 Nisus,

138 1162 182 1221 Et
194 1183 245 1240 pro
258 1184 398 1240 purpureo
411 1185 508 1241 poenas
522 1165 572 1223 dat
586 1165 681 1242 Scylla
693 1165 803 1242 capillo.

140 1242 322 1319 Quocumque
334 1244 383 1302 illo
394 1245 486 1303 levem
498 1244 610 1322 fugiens
624 1248 700 1303 secat
715 1245 824 1303 aethera
835 1245 944 1321 pennis
1031 1303 1034 1309 .

139 1322 215 1380 Ecce
227 1322 367 1396 inimicus,
381 1327 470 1395 atrox,
484 1344 589 1401 magno
603 1325 723 1382 stridore
735 1344 786 1401 per
799 1345 880 1382 auras

140 1400 306 1479 Insequitur
318 1403 423 1462 Nisus:
445 1424 501 1481 qua
514 1424 543 1462 se
556 1405 613 1463 fert
626 1405 715 1462 Nisus
729 1405 765 1462 ad
780 1424 871 1476 auras,

140 1480 198 1539 Illa
209 1482 300 1541 levem
312 1483 423 1560 fugiens
436 1484 543 1560 raptim
556 1487 632 1542 secat
646 1484 754 1542 aethera
766 1484 875 1560 pennis.

140 1561 216 1619 Tum
229 1561 349 1640 liquidas
362 1564 439 1621 corvi
452 1584 547 1640 presso
560 1566 606 1621 ter
619 1567 738 1640 gutture
751 1584 834 1622 voces

140 1641 203 1699 Aut
216 1645 317 1719 quater
328 1642 523 1720 ingeminant;
543 1645 573 1702 et
587 1663 663 1720 saepe
677 1644 816 1701 cubilibus
830 1643 904 1715 altis,

140 1721 245 1781 Nescio
259 1742 315 1800 qua
326 1727 430 1799 praeter
442 1723 558 1781 solitum
571 1723 719 1781 dulcedine
731 1722 802 1795 laeti,

141 1801 224 1860 Inter
237 1822 266 1860 se
278 1802 353 1860 foliis
363 1803 536 1880 strepitant3
552 1803 636 1880 juvet
648 1803 786 1860 imbribus
800 1804 871 1861 actis

141 1880 312 1959 Progeniem
324 1903 440 1959 paruam
454 1883 603 1960 dulcesque
615 1882 735 1940 revisere
748 1882 845 1941 nidos:

142 1960 231 2018 Haud
244 1962 372 2039 equidem
386 1963 478 2034 credo,
492 1963 558 2039 quia
571 1963 610 2020 sit
624 1962 760 2019 divinitus
773 1961 829 2019 illis

142 2040 304 2118 Ingenium,
318 2044 369 2099 aut
382 2062 477 2100 rerum
490 2042 549 2099 fato
561 2041 714 2119 prudentia
726 2041 832 2118 major:

141 2119 257 2193 Verum,
271 2121 321 2178 ubi
334 2125 488 2198 tempestas
502 2125 532 2179 εὴ
546 2121 609 2179 coeli
622 2120 735 2179 mobilis
748 2121 852 2179 humor

143 2199 294 2258 Mutavere
308 2201 376 2273 vias,
391 2204 420 2258 et
435 2200 552 2277 Jupiter
565 2200 666 2258 uvidus
681 2201 784 2258 austris

143 2279 261 2351 Denset‚
276 2284 356 2339 erant
370 2301 433 2357 quoe
448 2300 511 2337 rora
523 2280 617 2353 modo,
631 2283 669 2351 et,
683 2298 747 2356 quoe
761 2280 855 2352 densa,
868 2280 996 2354 reloxnt;

142 2358 304 2417 Vertuntur
317 2361 421 2438 species
435 2360 602 2430 animorum,
616 2363 646 2417 et
658 2363 774 2437 pectora
787 2364 883 2418 motus

143 2438 231 2497 Nunc
245 2440 322 2512 alios,
336 2440 413 2510 alios
427 2439 496 2496 dum
509 2438 608 2498 nubila
619 2443 723 2497 ventus
737 2440 848 2516 agebat,

144 2517 323 2595 Concipiunt.
364 2519 444 2577 Hinc
456 2519 504 2577 ille
517 2519 612 2576 avium
625 2522 779 2577 concentus
791 2519 823 2576 in
836 2519 919 2597 agris,

143 2599 185 2656 Et
198 2599 274 2657 laetae
286 2599 414 2677 pecudes,
428 2602 457 2657 et
471 2602 587 2657 ovantes
600 2602 719 2675 gutture
732 2600 818 2656 corvi.

183 2678 215 2736 Si
227 2699 293 2737 vero
307 2679 394 2737 solem
408 2679 444 2737 ad
456 2678 586 2755 rapidum
598 2679 735 2755 lunasque
749 2682 897 2754 sequentes

145 2757 251 2816 Ordine
264 2758 401 2835 respicies,
415 2779 561 2836 nunquam
574 2761 604 2816 te
617 2758 741 2816 crastina
753 2758 832 2815 fallet

144 2838 235 2910 Hora,
248 2857 338 2915 neque
351 2838 460 2896 insidiis
473 2838 566 2896 noctis
580 2838 688 2915 capiere
701 2856 815 2896 serenee.

144 2917 236 2988 Luna,
249 2921 423 2976 revertentes
437 2939 525 2994 quum
537 2917 662 2995 primum
675 2917 784 2994 colligit
798 2917 888 2994 ignes,

145 2996 177 3054 Si
190 2997 304 3074 nigrum
318 2997 436 3055 obscuro
450 2997 658 3075 comprenderit
671 3001 737 3055 abra
749 3017 845 3068 comu,

145 3077 287 3134 Maximus
301 3077 429 3154 agricolis
442 3076 597 3155 pelagoque
609 3077 755 3154 parabitur
768 3077 868 3134 imber.

145 3157 189 3215 At
202 3156 226 3214 si
238 3157 400 3234 virgineum
413 3157 562 3216 suffuderit
576 3177 623 3215 ore
636 3157 777 3228 ruborem,

145 3235 257 3294 Ventus
272 3236 342 3308 erit;
362 3240 449 3294 vento
462 3256 572 3313 semper
583 3237 668 3294 rubet
681 3255 764 3293 aurea
777 3235 896 3294 Phoebe.

147 3315 198 3373 Sin
211 3320 277 3374 ortu
290 3319 401 3393 quarto,
414 3336 536 3393 namque
548 3317 573 3374 is
587 3316 759 3374 certissimus
773 3318 880 3387 auctor,

147 3395 232 3468 Pura,
245 3415 336 3473 neque
350 3395 458 3454 obtusis
472 3416 522 3472 per
534 3396 638 3454 coelum
651 3395 782 3454 cornibus
795 3395 867 3454 ibit:

147 3475 240 3534 Totus
254 3479 283 3534 et
296 3476 343 3534 ille
357 3475 425 3547 dies,
439 3479 469 3533 et
482 3475 531 3552 qui
543 3479 694 3534 nascentur
707 3475 805 3533 abillo

147 3555 291 3614 Exactum
304 3556 340 3613 nd
352 3575 487 3626 mensem,
500 3555 597 3632 pluvia
608 3555 757 3631 ventisque
770 3554 923 3625 carebunt3

146 3634 278 3713 Votaque
291 3635 395 3694 servati
408 3636 519 3693 solvent
531 3635 562 3692 in
574 3636 657 3694 litore
669 3638 767 3692 nautae

149 3714 256 3774 Glauco
271 3719 300 3774 et
314 3715 454 3792 Panopeee
468 3717 498 3773 et
511 3715 583 3772 Inoo
597 3715 760 3773 Melicertee.

149 3794 198 3852 Sol
211 3815 321 3872 quoque
334 3798 364 3854 et
378 3795 512 3866 exoriens,
526 3797 556 3853 et
570 3815 658 3872 quum
671 3814 701 3852 se
715 3793 812 3852 condit
826 3792 856 3850 in
869 3793 969 3864 undas,

149 3873 238 3952 Signa
250 3875 347 3948 dabit3
367 3876 455 3934 solem
469 3873 626 3934 certissima
639 3874 721 3951 signa
733 3875 899 3951 sequuntur,

148 3954 191 4012 Et
205 3973 268 4031 quae
280 3975 364 4014 mane
377 3955 472 4028 refert,
486 3958 516 4013 εὴ
530 3973 594 4032 queo
608 3954 790 4032 surgentibus
803 3952 896 4011 astris.
