2446 4260
472 225 614 269 fflmos
628 226 690 268 LIB·
705 226 748 268 1x.

134 371 214 443 Nise,
227 368 327 448 fugis?
347 368 440 428 solum
453 371 483 426 11
496 368 527 425 in
540 371 624 427 tanta
636 367 760 446 pericula
772 368 913 430 mittami>

134 451 203 509 Non
215 449 258 509 ita
270 471 317 509 me
330 449 443 528 genitor
455 448 535 506 bellis
549 452 678 506 assuetus
693 448 829 526 Opheltes

134 529 301 608 Argolicum
313 533 451 588 terrorem
464 529 540 586 11111
554 529 701 606 Trojaeque
714 528 823 587 labores

134 610 287 668 Sublatum
300 609 404 668 erudiit
416 633 423 679 ;
442 629 495 667 nec
507 611 605 666 tecum
617 608 688 666 talia
700 609 783 687 gessi,

134 689 353 767 Magnanimum
367 689 478 746 AEnean
492 691 522 746 et
535 689 596 746 sata
609 691 736 746 extrema
749 691 871 747 secutus.

133 769 189 827 Est
202 769 258 840 hic,
272 771 317 827 est
330 768 441 827 animus
454 768 524 826 lucis
539 771 707 839 contemtor,
722 771 751 826 et
764 768 854 826 istum

134 849 191 920 Qui
205 849 266 906 vita
277 848 349 908 bene
363 849 458 907 credat
472 848 536 920 emi,
551 868 607 925 quo
619 848 722 920 tendis,
733 848 899 906 honorem.”

133 928 222 986 Nisus
236 929 273 986 ad
285 929 363 987 haec:
385 928 551 1004 “Equidem
565 928 600 985 de
613 931 643 986 te
656 928 698 985 uil
710 928 768 986 tale
781 928 913 987 verebar:

132 1008 164 1065 N
165 1028 195 1066 eo
209 1009 358 1066 fas-non.
399 1008 448 1065 Ita
460 1028 506 1066 me
519 1007 622 1065 referat
636 1008 690 1065 tibi
703 1028 824 1085 magnus
838 1011 973 1066 ovantem

133 1088 258 1165 Jupiter,
272 1091 322 1146 aut
336 1087 505 1164 quicumque
518 1087 606 1145 oculis
619 1088 685 1162 haec
695 1088 795 1164 aspicit
808 1088 904 1166 aequis.

133 1167 189 1225 Sed
202 1168 227 1225 si
240 1168 408 1244 quis—quaa
422 1167 515 1225 multa
526 1167 604 1225 vides
618 1167 779 1226 discrimine
791 1168 885 1226 tali-

133 1247 164 1304 Si
178 1248 240 1324 quis
254 1247 285 1305 in
298 1247 447 1305 adversum
460 1247 552 1324 rapiat
566 1267 681 1305 casusve
694 1248 806 1319 deusve,

133 1327 174 1385 Te
188 1347 332 1404 superesse
345 1327 431 1385 velim
442 1351 449 1398 3
469 1330 521 1385 tua
533 1326 594 1384 vita
607 1327 720 1404 dignior
733 1330 811 1384 aetas.

133 1406 187 1478 Sit,
202 1407 251 1482 qui
263 1427 309 1465 me
322 1412 437 1484 raptum
450 1426 548 1483 pugna
560 1407 686 1483 pretiove
699 1407 859 1464 redemtum

133 1485 256 1545 Mandet
269 1487 375 1557 humo;
395 1486 480 1544 solita
493 1490 542 1544 aut
557 1486 581 1544 si
595 1507 651 1563 qua
663 1486 693 1543 id
706 1488 819 1544 fortuna
831 1486 950 1557 vetabit,

133 1567 257 1625 Absenti
269 1567 344 1625 ferat
357 1566 478 1637 inferias,
493 1566 660 1642 decoretque
674 1567 831 1643 sepulchro.

133 1645 202 1704 Neu
214 1647 302 1704 matri
313 1646 421 1704 miserae
435 1645 512 1703 tanti
525 1647 579 1704 sim
593 1667 676 1704 eausa
689 1646 808 1704 doloris:

134 1726 203 1797 Quae
216 1729 247 1784 11
261 1727 327 1798 sola,
341 1745 418 1802 puer,
432 1726 532 1783 multis
546 1746 560 1783 e
574 1727 713 1784 matribus
728 1746 795 1784 ausa

134 1805 327 1882 Persequitur,
340 1805 437 1883 magni
450 1826 502 1864 neo
515 1806 619 1864 moenia
632 1810 712 1864 curat
726 1805 869 1864 Acestae.’'

134 1884 188 1944 Ille
203 1888 315 1943 autem:
336 1890 352 1916 “
362 1885 468 1943 Causas
481 1886 671 1963 nequidquam
685 1887 775 1944 nectis
789 1887 896 1957 inanes,

134 1965 197 2023 Nec
211 1985 273 2024 mea
282 1965 342 2042 jam
355 1968 470 2038 mutata
482 1965 543 2023 loco
557 1966 701 2024 sententia
714 1966 798 2023 cedit.

134 2044 359 2115 Acceleremus,’'
374 2045 424 2103 ait.
465 2045 574 2121 Vigiles
588 2046 674 2102 simul
687 2045 802 2103 excitat.
843 2045 893 2102 Illi

135 2125 304 2196 Succedunt,
318 2127 487 2200 servarique
500 2125 591 2183 vices:
613 2124 736 2183 statione
750 2125 849 2183 relicta

134 2202 201 2281 Ipse
215 2224 307 2262 comes
320 2204 393 2262 Niso
407 2205 545 2282 gradium,
558 2225 710 2282 regemque
723 2208 881 2282 requirnnt.

174 2283 277 2342 Cetera
289 2304 339 2361 per
351 2288 441 2342 terras
455 2304 553 2343 omnes
567 2285 700 2342 animalia
713 2305 812 2344 somno

135 2362 284 2423 Laxabant
298 2384 378 2422 ouras
392 2367 422 2422 et
436 2365 520 2422 corda
533 2365 622 2423 oblita
635 2364 763 2422 laborum
775 2389 781 2422 ε

135 2443 277 2502 Ductores
291 2443 433 2502 Teucrum
445 2443 540 2521 primi,
554 2444 663 2503 delecta
672 2444 818 2521 juventus,

135 2522 293 2581 Consilium
307 2523 425 2582 summis
438 2524 519 2601 regni
532 2525 566 2582 de
579 2525 663 2582 rebus
677 2523 828 2595 habebant,

135 2602 211 2675 Quid
223 2603 357 2675 facerent,
371 2603 468 2678 quisve
482 2604 581 2661 AEneae
591 2604 651 2681 jam
664 2604 785 2661 nuncius
799 2607 889 2661 esset:

134 2682 221 2740 Stant
234 2683 328 2761 longis
341 2682 437 2741 adnixi
449 2683 549 2754 hastis,
563 2687 592 2741 et
606 2686 688 2741 scuta
701 2685 840 2754 tenentes,

135 2761 301 2820 Castrorum
315 2766 345 2822 et
359 2763 451 2840 campi
464 2763 566 2820 medio.
608 2763 683 2819 Tum
697 2762 787 2819 Nisus
801 2765 831 2819 et
844 2782 902 2819 una

133 2841 277 2920 Euryalus
291 2842 441 2901 confestim
454 2843 557 2900 alacres
572 2842 718 2899 admittier
731 2844 830 2900 orant:

134 2921 209 2980 Rem
222 2942 365 2999 magnam,
379 2923 557 3000 pretiumque
570 2942 656 2980 morae
670 2922 738 2979 fore.
780 2921 893 2979 Primus
907 2920 988 2978 Iulus

133 3001 253 3079 Accepit
266 3002 401 3079 trepidos,
415 3022 447 3060 aa
460 3002 567 3060 Nisum
580 3002 670 3060 dicere
679 3001 767 3078 jussit

134 3081 209 3139 Tum
223 3082 263 3140 sic
277 3082 467 3160 Hyrtacides:
489 3086 505 3112 “
516 3082 625 3139 Audite
638 3102 655 3139 o
669 3081 813 3138 mentibus
828 3080 917 3157 aequis

133 3161 276 3233 AEneadae‚
289 3183 360 3220 neve
373 3163 432 3220 haec
445 3161 551 3219 nostris
565 3164 729 3238 spectentur
742 3161 777 3218 ab
791 3160 881 3232 annis,

134 3240 205 3312 Quae
218 3242 343 3300 serimus.
384 3241 489 3298 Rutuli
502 3261 601 3299 somno
615 3241 736 3315 vinoque
750 3239 837 3298 soluti

134 3319 318 3394 Conticuere3
338 3321 434 3379 locum
446 3320 556 3378 insidiis
570 3321 765 3397 conspeximus
778 3319 841 3397 ipsi,

134 3400 188 3472 Qui
201 3404 283 3478 patet
296 3401 326 3458 in
339 3401 415 3459 bivio
429 3403 526 3478 porta,
541 3421 602 3477 quae
616 3400 744 3477 proxima
756 3403 861 3476 pont03

133 3479 294 3558 interrupti
307 3480 396 3558 ignes,
410 3484 526 3557 aterque
539 3481 576 3538 ad
590 3480 681 3538 sidera
693 3481 789 3538 fumus

132 3559 281 3638 Erigitur3
300 3561 324 3617 si
337 3561 453 3618 fortuna
465 3560 633 3637 permittitis
646 3559 699 3632 uti,

133 3640 293 3711 Quaesitum
307 3640 417 3698 AEnean
431 3642 467 3698 ad
480 3640 586 3699 moenia
598 3640 746 3698 Pallantea

132 3719 204 3777 Mox
216 3719 264 3778 hio
278 3740 343 3778 eum
357 3721 460 3797 spoliis
473 3720 586 3797 ingenti
599 3720 676 3778 oaede
689 3725 810 3796 peracta,

132 3801 229 3858 Affore
243 3800 373 3858 cernetis.
413 3801 444 3857 N
445 3821 476 3859 ec
489 3820 541 3859 nos
554 3799 601 3857 via
614 3799 687 3856 fallit
701 3803 816 3857 euntes:

132 3879 264 3938 Vidimus
278 3879 403 3938 obscuris
416 3880 538 3956 primam
551 3879 604 3937 sub
617 3879 737 3937 vallibus
750 3879 851 3938 urbem

132 3958 242 4016 Veneto
255 3959 368 4017 assiduo
382 3961 413 4018 et
426 3963 523 4020 totum
537 3961 731 4042 cognovimus
744 3981 875 4024 1111111.

592 4061 615 4104 X
