2446 4260
137 222 196 280 302
441 234 467 275 r.
481 232 622 274 vrncrmr
635 232 777 275 minorue

138 379 242 450 Immo,
255 377 305 436 ubi
319 377 458 436 defuncta
471 376 558 434 finem
570 378 725 453 portusque
737 378 878 436 tenebunt

138 457 280 516 Ausonios
293 457 369 529 olim,
383 475 567 533 quaecumque
580 457 700 514 evaserit
713 456 796 514 undis

139 538 370 614 Dardaniumque
384 537 485 594 ducem
501 535 656 593 Laurentia
667 535 776 594 vexerit
790 556 865 609 arva,

139 617 294 676 Mortalem
307 616 424 693 eripiam
436 616 565 686 formam,
579 616 731 692 magnique
739 615 846 692 jubebo

139 697 273 774 AEquoris
287 716 347 754 esse
361 696 442 754 deas:
463 695 553 772 qualis
567 695 671 753 Nereia
684 695 763 753 Doto

139 777 182 834 Et
196 776 315 835 Galatea
328 778 424 833 secant
438 776 617 851 spumantem
630 779 744 850 pectore
756 775 909 852 pontum.’¹

140 855 276 914 Dixerat:
296 855 380 931 idque
393 857 489 912 ratum
502 854 598 932 Stygii
610 874 660 930 per
673 854 790 912 flumina
802 855 908 929 fratris,

141 935 197 994 Per
210 935 271 1012 pice
283 937 423 992 torrentes
437 937 553 1010 atraque
566 934 700 1011 voragine
713 934 788 1011 ripas

140 1014 261 1086 Annuit,
275 1018 305 1072 et
317 1017 414 1071 totum
427 1016 501 1070 nutu
513 1014 672 1072 tremefecit
686 1014 850 1091 Olympum.

180 1095 260 1171 Ergo
274 1094 370 1152 aderat
383 1093 521 1170 promissa
533 1093 601 1163 dies,
615 1096 644 1151 et
657 1096 786 1170 tempora
799 1093 896 1152 Parcas

140 1173 248 1232 Debita
260 1174 449 1250 complerant;
470 1192 558 1250 quum
572 1172 662 1230 Turni
674 1172 777 1250 injuria
790 1173 919 1233 Matrem

140 1253 308 1323 Admonuit,
321 1253 430 1310 ratibus
443 1252 527 1310 sacris
542 1252 678 1329 depellere
691 1253 790 1311 taedas.

141 1333 201 1390 Hic
214 1333 338 1409 primum
350 1352 425 1390 nova
436 1333 486 1389 lux
499 1332 587 1390 oculis
600 1332 717 1403 offulsit,
731 1338 763 1390 et'
773 1333 875 1410 ingens

140 1412 226 1470 Visus
240 1414 275 1471 ab
290 1413 399 1470 Aurora
412 1411 515 1470 coelum
527 1415 718 1470 transcurrere
731 1411 853 1486 nimbus,

141 1492 267 1569 Idaeique
280 1491 374 1550 chori:
394 1494 459 1548 tum
472 1510 527 1549 vox
539 1491 680 1550 horrenda
691 1511 742 1568 per
755 1511 836 1550 auras

141 1571 265 1643 Excidit,
279 1582 307 1630 et
320 1572 427 1629 Troum
441 1570 671 1649 Rutulorumque
684 1571 800 1648 agmina
812 1571 952 1650 complet:

141 1652 216 1710 “Ne
228 1651 368 1728 trepidate
381 1671 467 1723 meas,
480 1650 590 1722 Teucri,
605 1651 752 1709 defendere
764 1671 867 1724 naves;

140 1731 222 1789 Neve
236 1734 343 1790 armate
356 1751 472 1789 manus:
492 1730 582 1788 maria
594 1733 661 1788 ante
674 1750 788 1789 exurere
802 1731 899 1790 Turno

141 1811 234 1882 Quam
247 1831 338 1868 sacras
352 1811 465 1869 dabitur
478 1811 570 1886 pinus.
610 1810 670 1868 Vos
683 1810 724 1868 ite
738 1811 845 1883 solutae,

141 1889 198 1962 Ite,
211 1890 269 1948 deae
282 1890 391 1968 pelagi3
411 1891 541 1968 genetrix
549 1889 662 1967 jubet.’'
704 1890 746 1949 Et
759 1910 810 1948 sua
823 1911 939 1969 quaque

142 1969 286 2028 Continuo
299 1990 405 2046 puppes
419 1970 592 2046 abrumpunt
605 1969 719 2027 vincula
731 1969 808 2047 ripis,

141 2048 371 2127 Delphinumque
384 2049 469 2107 modo
483 2049 615 2107 demersis
628 2069 740 2126 aequora
752 2050 853 2109 rostris

141 2127 207 2187 Ima
219 2133 330 2206 petunt.
371 2129 450 2186 Hinc
463 2128 605 2205 virginea,
618 2128 745 2187 mirabile
758 2133 929 2202 monstrum,

144 2208 235 2284 [Quot
248 2210 325 2286 prius
339 2211 430 2265 aeratae
445 2211 584 2266 steterant
598 2208 634 2265 ad
646 2208 731 2266 litora
744 2208 858 2286 prorae]

141 2287 279 2346 Reddunt
293 2309 322 2346 se
335 2287 458 2345 totidem
470 2287 563 2358 facies,
577 2291 721 2364 pontoque
734 2289 872 2347 feruntur.

181 2368 359 2445 Obstupuere
372 2367 473 2423 animis
488 2367 608 2438 Rutuli3
628 2370 798 2426 conterritus
811 2369 871 2445 ipse

141 2446 275 2506 Turbatis
289 2447 437 2523 Messapus
451 2446 546 2522 equis;
566 2450 718 2505 cunctatur
732 2452 761 2506 et
775 2449 866 2506 amnis

140 2526 239 2585 Rauca
252 2547 362 2596 sonans,
376 2529 544 2602 revocatque
557 2527 657 2603 pedem
671 2527 820 2586 Tiberinus
834 2529 869 2586 ab
883 2529 952 2586 alto.

141 2608 183 2664 At
197 2628 254 2666 non
267 2606 365 2664 audaci
379 2606 463 2664 cessit
476 2606 579 2664 fiducia
593 2607 706 2679 Tum03

141 2686 227 2744 Ultro
241 2687 348 2745 animos
361 2686 440 2744 tollit
453 2686 546 2757 dictis,
559 2689 644 2762 atque
657 2686 783 2763 increpat
796 2686 890 2745 ultro:

141 2771 157 2797 “
169 2767 305 2844 Trojanos
318 2766 378 2824 haec
391 2770 520 2824 monstra
532 2769 651 2842 petunt3
672 2766 716 2824 his
730 2767 846 2845 Jupiter
858 2768 918 2844 ipse

141 2846 287 2903 Auxilium
301 2847 416 2903 solitum
430 2846 551 2923 eripuit3
571 2866 628 2904 non
641 2845 707 2916 tela,
721 2867 772 2904 nec
785 2847 866 2923 ignes

141 2926 316 3003 Exspectant
330 2925 463 2983 Rutulos.
505 2926 583 3003 Ergo
596 2925 686 2982 maria
698 2925 775 2983 invia
787 2926 912 2997 Teucris,

140 3006 202 3063 Nec
217 3026 278 3083 spes
292 3006 350 3062 ulla
362 3005 453 3081 fugae,
474 3025 568 3063 rerum
581 3026 645 3082 pars
659 3005 748 3063 altera
761 3006 875 3064 ademta
888 3008 941 3063 est.

140 3086 228 3144 Terra
240 3088 337 3142 autem
349 3084 380 3140 in
393 3085 498 3143 nostris
511 3086 656 3142 manibus:
677 3088 724 3143 tot
737 3086 834 3156 millia,
847 3089 947 3163 gentes

139 3167 228 3223 Arma
242 3166 337 3222 ferrmt
351 3164 444 3221 Italae.
485 3165 527 3221 Ni
540 3183 585 3221 me
598 3163 697 3222 fatalia
709 3167 827 3236 terrent,

140 3245 171 3302 Si
184 3266 240 3321 qua
253 3245 382 3321 Phryges
396 3263 454 3319 prae
467 3263 496 3301 se
505 3244 627 3320 jactant,
641 3264 774 3320 responsa
787 3245 916 3302 deorum.

140 3325 191 3382 Sat
205 3325 270 3382 fatis
284 3323 441 3399 Venerique
455 3323 564 3395 datum,
577 3323 698 3399 tetigere
712 3324 787 3401 quod
800 3344 867 3381 arva

140 3405 255 3462 Fertilis
270 3403 403 3462 Ausoniae
417 3403 515 3460 Troes.
556 3403 631 3461 Sunt
645 3405 674 3460 et
687 3423 750 3460 mea
763 3405 863 3461 contra

139 3485 215 3542 Fata
228 3484 307 3555 mihi,
320 3486 393 3542 ferro
408 3482 572 3540 sceleratam
586 3482 745 3541 exscindere
758 3486 883 3559 gentem,

140 3565 267 3642 Oonjuge
280 3566 433 3641 praerepta3
453 3582 505 3620 nec
519 3562 592 3620 solos
606 3562 703 3639 tangit
717 3563 833 3620 Atridas

139 3644 201 3703 Iste
215 3645 302 3715 dolor,
317 3645 436 3719 solisque
448 3642 516 3700 licet
530 3662 628 3720 capere
641 3663 718 3700 arma
733 3643 873 3720 Mycenis.

138 3725 194 3782 Sed
207 3724 306 3801 periise
319 3723 404 3782 semel
418 3722 487 3780 satis
500 3725 553 3781 est.
594 3723 714 3781 Peccare
728 3723 828 3781 fuisset

138 3806 217 3862 Ante
230 3804 307 3875 satis,
321 3804 434 3880 penitus
447 3803 531 3860 modo
544 3823 603 3860 non
616 3823 705 3879 genus
719 3822 803 3861 omne
816 3822 931 3879 perosos

135 3885 318 3946 Femineum.
360 3884 471 3960 Quibus
480 3883 544 3941 liae
555 3882 760 3940 mediilrducia
769 3883 849 3954 uelli,

129 3969 352 4050 Fossarumque
364 3986 469 4040 mora,
475 3964 535 4025 leti
546 3961 713 4022 discrimina
720 3977 821 4033 parua,
