2446 4260
136 237 195 295 346
442 248 469 288 r.
483 245 624 288 waeran
637 245 779 287 uxaoms

136 393 197 452 Hie
209 391 312 450 mortis
326 391 403 449 durae
416 410 513 448 casum
526 393 632 463 tuaque
645 387 754 464 optima
765 388 851 461 faeta,

138 473 169 530 Si
182 491 237 548 qua
250 472 337 528 fidem
350 473 434 528 tauto
448 473 491 528 est
505 469 582 545 operi
594 469 688 526 latura
700 470 837 539 vetustas,

137 552 207 610 Non
220 551 360 627 equidem,
373 570 425 607 neo
438 552 477 620 te,
486 548 599 627 juvenis
613 548 802 618 memorande,
816 547 913 605 silebo,

138 631 193 688 Ille
207 631 308 706 pedem
321 629 451 698 referem,
465 634 495 686 et
508 627 628 697 inutilis,
641 627 727 703 inque
739 626 846 704 ligatus

140 709 274 780 Cedebat,
288 708 431 786 clipeoque
444 708 592 764 inimicum
604 707 707 764 hastile
720 708 862 765 trahebat.

141 789 277 866 Prorupit
286 788 408 866 juvenis,
423 806 537 862 seseque
550 787 706 844 immiscuit
720 786 822 858 armis3

140 869 264 945 Jamque
278 866 451 943 assurgentis
466 866 566 924 dextra
579 866 748 943 plagamque
761 865 879 924 ferentis

140 948 239 1006 AEneae
253 946 340 1005 subiit
353 964 527 1016 mucronem,
539 946 689 1023 ipsumque
702 945 837 1003 morando

141 1026 285 1084 Sustinuit
297 1051 304 1096 ;
325 1025 393 1083 socii
406 1045 511 1103 magno
525 1026 646 1083 elamore
660 1028 825 1100 sequuntur,

140 1106 221 1163 Dum
233 1105 347 1182 genitor
359 1105 421 1162 nati
433 1125 532 1182 parma
544 1108 690 1182 protectus
704 1105 812 1176 abiret;

141 1186 264 1259 Telaque
278 1185 442 1263 conjiciunt,
456 1186 683 1261 proturbantque
696 1185 805 1241 eminus
818 1182 932 1241 hostem

141 1264 309 1322 Missilibus.
350 1264 435 1321 Furit
448 1265 562 1335 AEneas,
574 1267 725 1339 tectusque
738 1267 819 1321 tenet
832 1282 870 1321 se.

141 1346 185 1403 Ao
198 1344 286 1415 velut,
300 1345 388 1402 effusa
401 1344 426 1401 si
439 1345 550 1419 quando
563 1343 700 1421 grandine
713 1343 805 1401 nimbi

142 1423 337 1501 Praecipitant,
348 1424 439 1481 omnis
453 1424 559 1500 eampis
573 1423 688 1500 diffugit
701 1427 804 1494 arator,

142 1503 243 1561 Onmis
257 1507 287 1561 et
301 1503 431 1580 agricola,
446 1507 475 1561 et
488 1507 554 1561 tuta
567 1504 640 1562 latet
654 1523 717 1561 aree
730 1503 823 1560 viator

141 1585 204 1640 Aut
218 1583 309 1641 amnis
321 1583 390 1660 ripis
404 1587 455 1640 aut
468 1582 520 1641 alti
533 1583 638 1641 fornice
652 1582 720 1653 saxi,

142 1663 222 1720 Dum
235 1662 309 1739 pluit
322 1663 353 1719 in
366 1663 449 1720 terris
460 1687 467 1734 ;
486 1667 521 1720 ut
534 1663 652 1740 possint,
666 1661 724 1720 sole
736 1661 862 1733 reduet0‚

142 1743 281 1800 Exeroere
294 1742 385 1801 diem:
407 1742 447 1800 sio
461 1743 579 1800 obrutus
593 1741 716 1818 undique
729 1741 794 1799 telis

142 1822 247 1880 AEneas
260 1823 366 1880 nubem
379 1822 454 1893 belli,
469 1823 537 1879 dum
551 1822 676 1892 detonet,
690 1841 805 1879 omnem

143 1902 280 1973 Sustinet,
295 1904 324 1959 et
338 1902 464 1959 Lausum
477 1900 638 1977 increpitat,
652 1900 800 1977 Lausoque
814 1900 956 1958 minatur:

143 1986 159 2012 “
169 1981 232 2053 Quo
245 1981 382 2039 moriture
395 1981 463 2051 auio,
477 1980 637 2058 majoraque
652 1980 757 2037 viribus
771 1978 882 2037 audes?

143 2061 232 2119 Fallit
245 2065 275 2120 te
288 2061 436 2118 incautum
450 2061 540 2136 pietas
553 2060 636 2118 tua.”
678 2059 741 2116 Neo
754 2059 849 2116 minus
862 2059 911 2116 ille

143 2141 280 2198 Exsultat
294 2141 426 2198 demens:
448 2160 526 2197 saevae
535 2140 651 2217 jamque
665 2139 751 2196 altius
764 2138 814 2195 irae

142 2221 288 2278 Dardanio
302 2223 424 2297 surgunt
438 2220 558 2289 ductori,
573 2225 754 2293 extremaque
767 2218 861 2276 Lauso

143 2300 242 2357 Parcae
256 2300 305 2356 fila
318 2299 436 2376 legunt:
457 2299 583 2356 validum
595 2319 717 2374 namque
731 2298 820 2374 exigit
834 2317 931 2355 ensem

143 2380 200 2437 Per
213 2379 338 2436 medium
352 2379 457 2435 AEneas
467 2378 611 2455 juvenem,
625 2381 776 2452 totumque
789 2378 918 2435 recondit
930 2402 936 2434 :

144 2459 269 2516 lbansiit
283 2463 313 2516 et
326 2478 454 2535 parmam
468 2478 574 2529 mucro,
584 2458 656 2515 levia
670 2478 747 2515 arma
759 2457 886 2527 minaeis

143 2540 185 2595 Et
197 2538 334 2609 tunicam,
348 2538 427 2596 molli
441 2541 532 2595 mater
545 2559 631 2613 quam
645 2542 761 2594 neverat
775 2557 858 2607 auro;

145 2618 336 2695 Implevitque
350 2618 443 2675 sinum
458 2618 589 2695 sanguis3
608 2621 673 2675 tum
686 2618 748 2674 vita
760 2637 810 2693 per
823 2636 905 2673 auras

144 2697 291 2756 Gonoessit
304 2702 405 2755 maesta
421 2697 457 2755 ad
470 2719 575 2768 manes,
590 2717 744 2774 eorpusque
759 2697 883 2773 reliquit.

144 2779 186 2835 At
200 2798 266 2836 vero
279 2782 313 2836 ut
326 2778 441 2834 vultum
453 2778 527 2834 vidit
540 2777 687 2835 morientis
701 2781 730 2834 et
744 2797 801 2848 ora,

145 2857 203 2915 Ora
216 2858 306 2915 modis
320 2857 505 2915 Anchisiades
519 2856 654 2932 pallentia
667 2857 755 2926 miriS,

145 2937 293 3014 Ingemuit
306 2937 441 2995 miserans
455 2937 589 3014 graviter,
603 2937 786 3012 dextramque
799 2934 942 3004 tetendit;

145 3018 186 3074 Et
201 3019 327 3074 mentem
341 3017 441 3092 patriae
455 3016 571 3074 strinxit
584 3015 699 3092 pietatis
712 3016 816 3092 imago

145 3097 247 3168 “Quid
259 3096 314 3153 tibi
327 3117 411 3166 nuno,
425 3096 581 3154 miserande
595 3116 672 3171 puer,
686 3115 737 3170 pro
751 3094 880 3152 laudibus
892 3092 966 3164 istis,

145 3177 221 3247 Quid
233 3175 296 3253 pius
311 3175 415 3232 AEneas
429 3179 512 3234 tanta
526 3175 605 3233 dabit
618 3175 712 3232 indole
727 3173 870 3252 dignum?

144 3257 242 3326 Arma,
257 3256 358 3331 quibus
372 3255 495 3326 laetatus,
509 3256 581 3313 habe
594 3258 663 3325 tua;
684 3262 768 3330 teque
782 3256 933 3329 parentum

145 3336 281 3393 Manibus
295 3338 324 3392 et
338 3334 432 3404 cineri,
447 3335 471 3391 si
485 3338 596 3410 quaest
610 3354 643 3391 ea
656 3355 731 3404 eura,
744 3333 870 3392 remitto,

144 3416 212 3473 Hoo
225 3420 322 3472 tamen
336 3414 433 3471 infelix
447 3414 579 3472 miseram
593 3414 717 3472 solabere
731 3417 869 3471 mortem:

145 3495 245 3552 AEneae
260 3494 358 3570 magni
371 3494 470 3551 dextra
483 3493 589 3551 cadis.”
631 3493 764 3568 increpat
778 3492 854 3549 ultro

146 3574 320 3632 Constantes
335 3574 432 3644 socios
447 3576 477 3631 et
490 3577 567 3630 terra
580 3573 710 3631 sublevat
724 3573 826 3648 ipsum,

146 3655 288 3731 Sanguine
301 3658 466 3730 turpantem
480 3655 589 3711 comtos
604 3654 638 3710 de
652 3673 729 3710 more
743 3651 866 3728 capillos,

185 3734 300 3791 Interea
313 3735 426 3809 genitor
439 3733 565 3791 Tiberini
579 3733 615 3790 ad
627 3732 752 3788 fluminis
766 3731 873 3788 undam

144 3813 271 3874 Vulnera
284 3812 409 3873 siooabat
419 3812 558 3892 lymphis,
569 3831 723 3887 eorpusque
734 3811 847 3867 levabat

134 3898 262 3960 Arboris
277 3897 399 3958 acolinis
412 3900 530 3956 trunoo.
566 3890 680 3949 eroon
688 3888 860 3971 mauranus

128 3982 299 4065 Dependet
315 3981 414 4062 galea,
429 3982 460 4040 et
473 3979 563 4057 prato
577 3969 682 4051 grauia
692 3982 776 4023 arma
786 3961 950 4034 ammte
