2446 4260
456 240 597 284 mulos
611 242 674 283 nn.
687 242 760 283 vm.

136 382 185 440 Sin
197 382 320 461 aliquem
332 383 480 441 infandum
493 404 597 455 casum,
612 384 749 456 Fortuna,
761 384 886 456 minaris,

102 526 105 530 Δ
135 462 230 535 Nunc,
243 484 260 522 o
273 483 349 522 nunc
361 463 445 522 liceat
458 464 599 522 crudelem
612 465 777 542 abrumpere
789 464 888 536 vitam,

136 542 213 600 Dum
227 563 299 601 curae
312 543 459 620 ambiguae,
473 543 541 602 dum
555 564 617 620 spes
629 544 738 616 incerta
749 544 848 615 futuri,

136 621 213 680 Dum
226 627 266 694 te,
279 643 342 681 caro
354 643 433 700 puer,
447 643 512 682 mea
524 643 586 682 sera
599 627 629 682 et
642 624 702 682 sola
714 624 853 701 voluptas,

136 701 290 780 Complexu
302 706 403 774 teneo;
422 703 536 780 gravior
548 723 584 761 ne
596 704 716 761 nuncius
729 723 810 762 aures

136 781 301 840 Vulnerat.’'
342 782 415 840 Haec
429 783 542 860 genitor
553 783 682 860 digressu
695 783 772 842 dicta
783 803 915 860 supremo

137 860 302 920 Fundebat:
322 861 422 920 famuli
435 862 588 939 collapsum
601 863 632 920 in
644 866 723 921 tecta
735 863 872 922 ferebant.

173 941 296 1018 Jamque
309 941 377 1000 adeo
390 941 497 1000 exierat
509 942 600 1018 portis
613 943 757 1019 equitatus
770 943 891 1020 apertis3

136 1020 239 1079 AEneas
251 1021 327 1078 inter
338 1022 444 1098 primos
457 1024 487 1079 et
501 1021 574 1079 fidus
587 1022 729 1093 Achates3

136 1100 206 1158 Inde
220 1100 267 1158 alii
280 1100 372 1178 Trojae
384 1120 528 1177 proceres3
548 1100 608 1177 ipse
621 1102 734 1178 agmine
748 1101 842 1161 Pallas

135 1179 170 1238 In
183 1180 285 1252 medio,
299 1181 448 1258 chlamyde
461 1183 491 1238 et
503 1180 588 1257 pictis
601 1186 768 1259 conspectus
781 1182 812 1240 in
825 1181 926 1241 armis:

136 1260 231 1332 Qualis
244 1259 294 1318 ubi
307 1260 402 1318 oceani
414 1261 543 1338 perfusus
556 1260 670 1319 Lucifer
683 1261 768 1334 unda,

136 1340 225 1412 Quem
237 1339 334 1398 Venus
348 1343 414 1398 ante
428 1340 496 1398 alios
509 1343 651 1399 astrorum
663 1341 758 1418 diligit
771 1341 861 1418 ignes,

135 1419 249 1478 Extulit
262 1439 293 1477 os
307 1439 418 1478 sacrum
431 1419 510 1492 coelo,
523 1421 709 1497 tenebrasque
721 1421 847 1479 resolvit.

136 1498 219 1557 Stant
232 1499 338 1577 pavidae
351 1499 382 1556 in
394 1499 483 1557 muris
495 1504 610 1571 matres,
624 1501 766 1576 oculisque
779 1504 937 1578 sequuntur

135 1577 300 1637 Pulveream
312 1579 418 1637 nubem
431 1582 461 1637 et
473 1579 617 1656 fulgentes
630 1601 684 1638 aere
696 1583 832 1638 catervas.

135 1658 190 1716 Olli
203 1678 254 1735 per
267 1659 375 1729 dumos,
389 1679 445 1736 qua
457 1659 586 1736 proxima
598 1659 808 1731 materiarum,

135 1738 249 1796 Armati
260 1739 394 1796 tendunt.
434 1738 466 1797 It
479 1739 592 1809 clamor,
605 1743 635 1798 et
649 1739 761 1816 agmine
774 1740 850 1798 facto

137 1818 373 1894 Quadrupedante
385 1822 499 1895 putrem
513 1819 609 1877 sonitu
622 1819 717 1896 quatit
730 1819 838 1896 ungula
851 1836 991 1895 campmu.

136 1897 190 1956 Est
203 1897 305 1975 ingens
317 1897 443 1975 gelidum
456 1898 535 1956 lucus
547 1918 634 1976 prope
649 1898 760 1956 Caeritis
773 1918 893 1971 amnem,

136 1976 285 2054 Religione
297 1981 413 2055 patrum
425 1977 483 2036 late
496 1998 589 2049 sacen
609 1979 734 2055 undique
747 1979 831 2037 colles

136 2056 279 2116 inclusere
293 2057 355 2115 cavi
367 2060 397 2115 et
410 2057 493 2135 nigra
505 2077 604 2116 nemus
618 2058 710 2117 abiete
723 2058 852 2136 cingrmt.

136 2136 249 2195 Silvano
262 2137 338 2195 fama
350 2140 394 2195 est
407 2142 516 2196 veteres
529 2157 651 2196 sacrasse
665 2137 807 2216 Pelasgos,

135 2216 277 2275 Arvorum
290 2216 453 2294 pecorisque
466 2217 527 2287 dec,
540 2217 691 2294 lucumque
704 2218 843 2296 diemque,

136 2296 191 2369 Qui
204 2296 290 2372 primi
302 2297 373 2354 fines
386 2296 536 2373 aliquando
549 2296 672 2355 habuere
686 2297 814 2356 Latinos.

135 2375 224 2434 Haud
236 2376 335 2452 procul
346 2375 413 2434 hinc
427 2375 538 2434 Tarcho
551 2379 581 2434 et
594 2376 736 2454 Tyrrheni
748 2381 814 2436 tuta
825 2376 962 2436 tenebant

136 2454 236 2514 Castra
248 2455 326 2526 locis,
339 2455 467 2533 celsoque
480 2456 573 2514 omnis
586 2455 621 2514 de
634 2457 704 2515 colle
716 2457 806 2516 videri

136 2534 156 2592 J
156 2555 204 2593 am
216 2538 330 2612 poterat
342 2535 425 2613 legio,
438 2536 547 2594 stlatis
559 2536 696 2594 tendebat
708 2536 739 2594 in
752 2536 835 2594 arvis.

136 2614 203 2673 Huc
216 2618 299 2692 pater
312 2615 416 2673 AEneas
429 2619 459 2674 et
472 2615 546 2674 bello
559 2616 633 2674 lecta
641 2615 779 2693 juventus

137 2693 305 2766 Succedunt,
318 2695 438 2771 fessique
452 2698 481 2753 et
495 2715 580 2772 equos
594 2698 624 2754 et
637 2715 754 2772 corpora
766 2697 876 2754 curant.

173 2776 216 2832 At
229 2774 326 2832 Venus
340 2775 471 2833 aethcrios
484 2775 560 2833 inter
572 2774 625 2833 dea
637 2775 757 2833 candida
768 2774 880 2833 nimbos

137 2851 221 2912 Dona
233 2854 324 2912 ferens
338 2854 451 2926 aderat3
472 2858 628 2931 natumque
640 2854 671 2912 in
684 2855 756 2914 valle
769 2855 887 2914 reducta

138 2931 179 2991 Ut
192 2933 291 3010 procul
304 2933 412 3010 egelido
426 2938 567 2993 secretum
579 2934 696 2993 flumine
709 2934 790 3005 vidit,

137 3010 252 3071 Talibus
267 3014 353 3071 affata
366 3017 410 3072 est
424 3014 517 3085 diutia
530 3034 615 3091 seque
630 3015 737 3073 obtulit
749 3015 843 3073 ultro:

138 3095 153 3123 “
161 3093 210 3150 En
223 3093 348 3169 perfecta
359 3093 417 3152 mei
429 3093 568 3171 promissa
580 3094 708 3172 conjugis
722 3098 783 3153 arte

137 3169 275 3243 Munera3
294 3192 331 3230 ne
344 3191 410 3230 mox
424 3176 474 3231 aut
488 3173 654 3246 Laurentes,
668 3177 744 3236 nate.
758 3175 901 3252 superbos,

136 3251 197 3309 Aut
211 3271 304 3309 acrem
318 3252 431 3311 dubites
444 3252 475 3310 in
487 3253 586 3329 proelia
597 3273 712 3331 poscere
722 3253 883 3313 Turnum.’¹

136 3327 228 3402 Dixit,
242 3335 273 3389 et
286 3333 430 3409 amplexus
444 3333 507 3390 uati
520 3331 663 3410 Cytherea
674 3333 795 3410 petivit;

134 3410 226 3469 Arma
239 3412 292 3469 sub
305 3411 422 3470 adversa
435 3411 530 3488 posuit
543 3411 684 3471 radiantia
696 3432 809 3488 quercu.

136 3488 191 3549 Ille
205 3490 264 3548 deae
278 3491 359 3548 donis
373 3495 403 3549 et
416 3493 499 3549 tanto
512 3491 595 3549 laetus
608 3492 715 3550 honore

135 3568 254 3647 Expleri
268 3570 377 3647 nequit,
391 3574 476 3646 atque
490 3569 584 3629 oculos
598 3591 649 3648 per
662 3571 775 3648 singula
787 3570 886 3642 volvit,

135 3648 327 3727 Miraturque,
341 3650 471 3728 interque
484 3670 585 3708 manus
599 3654 629 3709 et
643 3652 758 3710 brachia
771 3654 865 3708 versat

136 3728 305 3787 Terribilem
320 3729 413 3787 cristis
427 3731 537 3807 galeam
550 3730 733 3807 flammasque
747 3733 918 3798 vomentem,

136 3807 354 3886 Fatiferumque
368 3829 473 3880 ensem,
486 3810 602 3869 loricam
618 3831 654 3869 ex
668 3830 723 3868 aere
736 3809 886 3886 rigentem,

137 3887 338 3966 Sanguineam,
350 3889 515 3966 ingentem3
536 3890 627 3968 qualis
641 3910 731 3970 quum
744 3889 848 3949 caerula
857 3887 952 3948 nubes

133 3967 208 4024 Soh's
217 3968 372 4026 inardescit
382 3969 470 4028 radiis
484 3970 630 4052 longeque
643 3972 793 4055 refulget3
