2446 4260
144 221 202 280 194
444 237 472 279 r.
486 236 781 279 vrncmminoms

144 379 207 437 Nec
220 399 272 437 nos
286 377 379 437 obniti
392 381 499 450 contra,
512 399 564 437 nec
577 379 693 437 tendere
706 381 823 437 tantum

145 458 313 516 Sufficimus.
354 458 474 536 Superat
488 458 622 534 quoniam
633 459 756 529 fortuna,
770 479 930 536 sequamur,
990 493 991 496 ¹

145 538 263 615 Quoque
276 541 368 610 vocat,
380 541 524 596 vertamus
537 538 601 596 iter.
641 538 704 596 Nec
717 539 802 597 litora
813 539 900 620 longe

144 617 219 675 Fida
231 637 293 676 reor
305 618 431 676 fraterna
443 618 545 695 Erycis
558 620 713 694 portusque
727 618 852 690 Sicanos,

145 696 177 754 Si
190 697 274 756 modo
287 698 342 756 rite
356 717 463 755 memor
477 701 588 759 servata
599 698 733 756 remetior
745 699 852 757 astra.’‘

145 776 221 834 Tum
233 777 296 854 pius
310 777 431 835 AEneas:
452 776 622 854 “Equidem
635 777 675 835 sic
687 797 802 854 poscere
815 781 918 838 ventos

146 855 168 912 J
168 856 331 928 amdudum,
345 859 375 915 et
388 856 494 914 frustra
506 876 589 914 cerno
602 859 633 914 te
645 857 761 916 tendere
774 861 883 917 contra.

145 935 244 994 Flecte
257 937 333 994 viam
346 936 424 994 velis.
465 937 513 993 An
526 936 565 994 sit
579 936 650 993 milri
663 937 772 1014 gratior
784 936 852 1010 ulla,

146 1015 244 1086 Quove
257 1016 349 1094 magis
361 1015 448 1074 fessas
462 1018 560 1093 optem
573 1015 723 1075 demittere
735 1036 832 1086 naves,

146 1094 239 1166 Quam
252 1115 314 1172 quae
327 1095 504 1154 Dardanium
516 1095 603 1153 tellus
615 1096 688 1153 mihi
701 1099 794 1154 servat
807 1097 943 1167 Acesten,

145 1173 187 1232 Et
200 1174 290 1251 patris
304 1175 435 1233 Anchisae
448 1175 556 1252 gremio
570 1175 768 1253 complectitur
780 1195 844 1234 ossa
853 1175 888 1236 ?”

145 1253 218 1312 Haec
231 1254 281 1313 ubi
294 1255 378 1326 dicta,
392 1257 495 1332 petunt
508 1257 616 1331 portus,
630 1257 660 1313 et
672 1254 736 1313 vela
747 1257 864 1313 secundi

145 1332 306 1393 Intendunt
319 1334 452 1412 zephyri3
471 1334 562 1392 fertur
575 1334 632 1393 cita
645 1335 760 1412 gurgite
773 1335 878 1409 classis,

145 1413 187 1471 Et
200 1413 317 1472 tandem
329 1413 390 1472 laeti
401 1416 478 1472 notas
491 1414 679 1472 advertuntur
692 1434 792 1473 arenae.

184 1493 227 1551 At
239 1493 338 1570 procul
350 1493 458 1552 excelso
470 1493 591 1552 miratus
602 1494 708 1552 vertice
721 1493 829 1552 montis

144 1572 311 1631 Adventum
324 1573 466 1651 sociasque
479 1575 555 1632 rates
569 1573 691 1632 occurrit
704 1573 832 1645 Acestes,

145 1651 288 1711 Horridus
300 1653 332 1710 in
340 1653 441 1731 jaculis
455 1656 485 1712 et
498 1653 569 1730 pelle
583 1653 740 1731 Libystidis
753 1673 842 1726 ursae3

145 1731 231 1810 Troja
243 1732 364 1792 Crimiso
377 1735 546 1809 conceptum
558 1732 674 1791 flumine
687 1734 780 1791 mater

145 1811 238 1883 Quem
250 1812 360 1890 genuit.
399 1812 538 1871 Veterum
550 1832 608 1870 non
622 1812 771 1870 immemor
782 1812 831 1871 ille
844 1816 997 1890 parentum

145 1891 284 1950 Gratatur
297 1891 420 1964 reduces,
434 1894 464 1950 et
477 1912 547 1970 gaza
559 1891 642 1950 laetus
656 1889 778 1969 agresti

144 1970 270 2048 Excipit,
283 1992 315 2030 ac
327 1971 415 2031 fessos
428 1971 528 2048 opibus
541 1971 649 2030 solatur
661 1970 768 2030 amicis.

145 2049 264 2109 Postera
277 2071 365 2128 quum
377 2051 469 2128 primo
482 2051 578 2109 stellas
591 2051 699 2110 oriente
711 2051 825 2128 fugarat

145 2129 228 2188 Clara
241 2131 308 2201 dies,
322 2130 411 2189 socios
424 2131 455 2188 in
468 2133 574 2189 coetum
587 2131 671 2189 litore
684 2131 719 2189 ab
733 2131 811 2189 omni

144 2209 275 2269 Advocat
289 2211 402 2282 AEneas,
414 2210 573 2287 tumulique
587 2231 622 2269 ex
635 2230 737 2288 aggere
749 2210 844 2270 fatur:

184 2290 379 2348 “Dardanidae
392 2290 497 2368 magni,
511 2310 601 2367 genus
614 2290 674 2348 alto
688 2311 705 2348 a
718 2291 856 2367 sanguine
869 2290 979 2363 divum,

143 2370 266 2427 Annuus
280 2371 385 2428 exactis
399 2370 558 2446 completur
570 2370 713 2428 mensibus
727 2370 810 2442 orbis,

144 2449 191 2506 Ex
204 2470 260 2526 quo
273 2449 403 2527 reliquias
417 2449 561 2526 divinique
574 2469 637 2508 ossa
648 2450 773 2526 parentis

144 2528 329 2587 Condidimus
342 2532 426 2600 terra,
439 2532 609 2606 maestasque
623 2529 793 2587 sacravimus
806 2548 877 2587 aras.

144 2608 267 2686 Jamque
281 2609 348 2681 dies,
362 2610 393 2666 ni
405 2609 495 2680 fallor,
509 2608 597 2680 adest,
611 2629 695 2685 quem
709 2628 819 2685 semper
832 2609 974 2680 acerbum,

143 2689 259 2766 Semper
271 2689 444 2747 honoratum
459 2688 512 2765 (sic
526 2688 555 2746 di
567 2688 723 2764 voluistis),
736 2689 856 2746 habebo.

144 2767 232 2826 Hunc
246 2789 308 2846 ego,
322 2769 442 2827 Gaetulis
455 2788 568 2846 agerem
581 2768 605 2826 si
619 2768 751 2846 Syrtibus
764 2768 852 2840 exsul,

143 2848 311 2925 Argolicove
324 2849 396 2907 mari
409 2850 569 2925 deprensus,
584 2851 613 2906 et
626 2848 695 2906 urbe
709 2848 849 2926 Mycenae,

143 2928 248 2985 Annua
260 2931 329 2986 vota
340 2932 438 2986 tamen
451 2928 642 3005 solemnesque
656 2928 753 2986 ordine
766 2946 884 3004 pompas

143 3007 326 3085 Exsequerer,
340 3011 532 3085 strueremque
546 3008 603 3065 suis
617 3007 718 3065 altaria
730 3006 819 3066 donis.

143 3086 230 3145 Nunc
243 3088 319 3145 ultro
333 3088 369 3145 ad
382 3088 487 3146 cineres
500 3087 588 3164 ipsius
602 3090 632 3144 et
642 3107 705 3145 ossa
716 3087 850 3164 parentis,

142 3165 232 3224 Haud
245 3167 375 3244 equidem
388 3168 448 3226 sine
461 3170 557 3225 mente
570 3187 641 3238 reor,
655 3167 714 3224 sine
728 3167 844 3225 numine
858 3166 966 3237 divum,

142 3246 295 3317 Adsumus,
309 3249 339 3304 et
352 3251 451 3323 portus
465 3247 552 3304 delati
564 3246 704 3305 intramus
718 3247 831 3305 amicos.

142 3325 222 3403 Ergo
236 3326 321 3404 agite,
335 3329 365 3384 et
377 3327 476 3384 laetum
490 3326 586 3384 cuncti
600 3326 770 3385 celebremus
783 3326 937 3397 honorem;

142 3405 296 3465 Poscamus
309 3409 409 3464 ventos
422 3431 428 3478 ;
449 3409 534 3483 atque
547 3406 607 3464 haec
620 3427 666 3464 me
680 3426 758 3464 sacra
771 3407 924 3482 quotannis

143 3485 220 3544 Urbe
233 3485 303 3545 velit
316 3485 409 3563 posita
421 3486 535 3562 templis
549 3486 602 3543 sibi
615 3486 687 3544 ferre
700 3485 810 3544 dicatis,

142 3565 218 3624 Bina
230 3567 316 3624 boum
329 3565 409 3623 vobis
423 3565 508 3643 Troja
521 3568 671 3642 generatus
685 3566 802 3623 Acestes

140 3644 201 3703 Dat
214 3666 332 3704 numero
345 3645 439 3722 capita
450 3645 480 3702 in
493 3665 578 3704 naves
589 3670 595 3716 ;
616 3645 748 3703 adhibete
761 3647 879 3721 penates

141 3724 183 3782 Et
196 3727 300 3802 patrios
314 3726 411 3803 epulis,
425 3728 454 3784 et
468 3746 537 3802 quos
552 3725 620 3783 colit
632 3725 734 3802 hospes
748 3726 874 3784 Acestes.

141 3803 290 3877 Praeterea,
304 3806 328 3864 si
341 3826 415 3864 nona
430 3806 505 3864 diem
517 3805 685 3863 mortalibus
699 3805 806 3863 almum

135 3884 251 3946 Aurora
264 3885 401 3947 extulerit
412 3885 555 3964 radiisque
565 3885 702 3943 retexerit
713 3885 820 3952 orbem„

130 3966 238 4031 Prima
250 3970 319 4031 citae
332 3969 456 4031 Teucris
467 3986 578 4049 ponam
589 3962 749 4024 certamina.
759 3961 877 4028 clasis,
