2370 4260
447 128 588 172 numos
602 128 664 172 mn.
678 130 715 172 11.

128 262 230 332 Adversi
241 274 327 350 rupto
341 292 393 331 ceu
405 272 548 349 quondam
560 273 674 332 turbine
686 272 767 331 venti

89 398 91 404 .
126 343 283 432 Confligrmt,
297 352 508 430 Zephyrusque,
521 352 681 430 Notusque,
695 356 725 411 et
737 352 819 412 laetus
833 353 905 412 Eois

124 422 206 492 J‘barus
219 433 313 510 equis:
335 433 461 491 stridunt
475 432 561 504 silva,
575 433 710 509 saevitque
722 432 843 491 tridenti

123 503 248 586 Spumeus
261 517 347 590 atque
359 512 417 570 imo
431 512 541 571 Nereus
555 512 611 571 ciet
626 532 741 590 equora
753 512 851 571 fundo.

121 582 168 652 Ille
179 594 272 663 etiam,
286 592 311 649 si
324 611 393 668 quos
407 592 526 650 obscura
537 595 622 650 nocte
634 612 684 669 per
696 592 828 650 umbram

121 662 249 731 Fudimus
261 671 380 743 insidiis,
392 674 511 749 totaque
524 671 694 749 agitavimus
707 671 785 745 urbe,

119 745 274 830 Apparent;
293 751 379 829 primi
391 751 495 828 clipeos
507 752 684 828 mentitaque
696 751 756 809 tela

118 827 288 910 Agnoscunt,
302 833 388 908 atque
401 850 451 889 ora
463 851 531 889 sono
545 831 683 889 discordia
695 830 820 908 signant.

117 903 195 971 Ilicet
208 911 355 971 obruimur
367 930 501 969 numero:
521 910 684 989 primusque
698 910 834 968 Ooroebus

116 983 225 1050 Penelei
239 992 340 1050 dextra
352 990 426 1048 divae
440 990 637 1067 armipotentis
650 990 687 1048 ad
700 1010 777 1048 aram

116 1065 296 1142 Procumbit3
316 1071 393 1129 cadit
406 1072 436 1128 et
449 1069 586 1147 Rhipeus
595 1070 771 1147 justissimus
784 1090 857 1127 unus

116 1148 167 1222 Qui
179 1152 236 1209 luit
248 1151 281 1208 in
293 1149 418 1221 Teucris,
432 1152 462 1207 et
475 1150 701 1208 servantissimus
715 1149 804 1227 aequi:

114 1227 164 1289 Dis
177 1231 260 1289 aliter
273 1230 375 1287 visum.
416 1228 541 1288 Pereunt
555 1229 744 1307 Hypanisque
757 1228 931 1306 Dymasque,

116 1308 223 1368 confixi
236 1331 254 1368 a
267 1309 367 1380 sociis;
386 1328 438 1367 nec
451 1312 481 1368 te
494 1312 546 1367 tua
558 1309 688 1387 plurima,
702 1308 830 1382 Panthu,

116 1387 271 1449 habentem
282 1389 383 1467 pietas,
396 1408 448 1447 nec
460 1389 602 1467 Apollinis
615 1389 705 1447 infula
716 1388 800 1446 texit.

117 1467 195 1528 Iliaci
207 1471 324 1540 cineres,
337 1471 367 1527 ct
378 1467 493 1527 flamma
505 1471 632 1527 extrema
643 1488 779 1541 meorum,

118 1548 223 1622 Testor,
236 1550 268 1607 in
281 1568 381 1608 eccam
393 1552 488 1607 vestro
501 1568 553 1607 nec
565 1549 624 1606 tela
636 1568 688 1607 nec
700 1547 772 1605 ullas

120 1627 256 1688 Vitavisse
268 1628 343 1687 vices
357 1627 506 1701 Dananm3
526 1630 556 1687 et
569 1628 594 1686 si
606 1629 667 1686 fata
678 1627 808 1698 fuissent,

122 1707 162 1766 Ut
173 1710 307 1778 caderem,
320 1708 454 1767 meruisse
466 1728 562 1766 manu.
602 1707 773 1766 Divellimur
785 1705 867 1764 inde:

126 1786 231 1864 iphitus
243 1792 273 1848 et
287 1787 380 1846 Pelias
393 1807 521 1860 mecum3
541 1808 662 1865 quorum
675 1786 790 1864 Iphitus
805 1805 867 1844 aevo

129 1866 187 1925 Jam
198 1869 317 1946 gravior,
331 1866 423 1926 Pelias
436 1871 466 1926 et
479 1868 594 1926 vulnere
607 1867 705 1926 tardus
719 1865 817 1938 Ulixi3

131 1945 250 2006 Protinus
263 1948 301 2007 ad
314 1947 393 2006 sedes
407 1946 515 2006 Priami
527 1947 648 2007 clamore
659 1945 763 2005 vocati.

134 2024 181 2085 Hic
191 2048 253 2086 vero
265 2028 414 2107 ingentem
425 2047 560 2105 pugnam,
573 2047 625 2085 ceu
638 2029 731 2085 cetera
742 2044 883 2102 nusquam

136 2103 200 2165 Bella
210 2109 311 2181 forent,
325 2107 398 2165 nulli
409 2110 474 2165 tota
486 2109 663 2165 morerentur
674 2105 706 2163 in
718 2105 796 2176 urbe,

141 2181 175 2241 Sic
184 2186 303 2247 Martem
316 2186 497 2259 indomitum,
511 2186 681 2262 Danaosque
693 2185 729 2243 ad
741 2186 821 2243 tecta
832 2184 946 2242 ruentes

143 2260 272 2340 Cernimus,
287 2269 487 2345 obsessumque
500 2269 564 2325 acta
576 2265 720 2324 testudine
733 2264 830 2322 limen.

143 2338 239 2406 Hesus
251 2347 408 2426 parietibus
421 2345 512 2418 scala,
525 2348 676 2423 postesque
690 2345 743 2403 sub
756 2344 831 2420 ipsos

145 2417 261 2485 Nitentem
273 2426 418 2505 gradibus,
431 2426 589 2504 clipeosque
601 2425 638 2483 ad
649 2424 709 2483 tela
721 2423 843 2481 sinistris

146 2496 245 2565 Protecti
258 2506 406 2586 objiciunt,
419 2509 553 2582 prensant
566 2504 682 2582 fastigia
694 2502 810 2562 dextris.

146 2575 287 2645 Daumius
300 2589 401 2646 contra
411 2589 504 2644 turres
517 2605 549 2643 ac
562 2588 640 2643 tecta
652 2585 802 2642 domorum

146 2654 249 2725 culmina
261 2666 441 2726 convellunt:
461 2665 507 2723 his
520 2685 558 2736 se,
572 2664 683 2743 quando
696 2662 800 2720 ultima
812 2661 941 2732 cernunt,

146 2733 255 2805 Extrema
262 2747 327 2825 jam
340 2746 371 2803 in
383 2748 476 2804 morte
488 2747 590 2823 parant
603 2743 750 2802 defendere
762 2740 836 2812 telis,

146 2815 297 2904 tuamque
308 2826 414 2896 trabes,
426 2828 556 2883 veterum
569 2825 670 2882 decora
681 2823 741 2881 alta
752 2822 911 2898 parentum,

147 2893 300 2965 Devolvrmt:
321 2905 370 2964 alii
383 2905 490 2963 strictis
502 2903 684 2962 mucronibus
697 2902 768 2960 imas

147 2973 259 3045 Obedere
272 2985 364 3058 fores;
383 2984 435 3042 has
447 2987 562 3043 servant
574 2983 687 3061 agmine
700 2982 797 3040 denso.

147 3050 277 3124 Instaurati
290 3064 388 3136 animi,
400 3065 475 3142 regis
489 3082 648 3123 succurrere
660 3061 754 3133 tectis,

148 3132 289 3223 Auxilioque
301 3145 395 3203 levare
407 3144 491 3216 viros,
504 3144 618 3220 vimque
630 3142 732 3201 addere
744 3138 837 3198 victis.

174 3223 186 3250 “
193 3221 287 3284 limen
300 3227 371 3296 erat,
385 3243 516 3301 caecoeque
529 3224 611 3294 fores,
624 3224 654 3280 et
666 3220 779 3299 pervius
792 3239 860 3278 usus

149 3289 275 3362 Taurum
287 3305 364 3363 inter
377 3324 406 3362 se
420 3303 536 3373 Priami,
549 3305 700 3380 postesque
713 3299 806 3358 relicti

149 3371 260 3460 Atergm
280 3384 380 3443 infelix
391 3403 447 3461 qua
460 3403 498 3454 se,
512 3383 580 3441 dum
593 3401 681 3459 regna
693 3380 855 3450 manebant,

151 3449 233 3535 Sepia
246 3465 445 3522 Andromache
457 3464 529 3521 ferre
541 3462 709 3521 incomitata
721 3460 830 3519 solebat

151 3530 184 3593 Ad
193 3560 300 3617 soceros,
314 3546 345 3602 et
358 3562 411 3601 avo
423 3562 543 3620 puerum
555 3542 734 3619 Astyanacta
746 3536 888 3597 trahebat.

151 3607 225 3679 Evado
237 3625 273 3682 ad
285 3623 391 3682 summi
402 3622 517 3699 fastigia
530 3621 670 3692 culminis,
682 3619 758 3677 unde

154 3686 204 3755 ra
212 3698 778 3780 anamnesjausaneenureuen.

153 3765 244 3850 Turrim,
255 3783 288 3839 in
294 3781 441 3856 precipiti
449 3784 578 3840 stantem
592 3780 773 3862 summisque
787 3778 842 3843 sub
856 3778 938 3842 astra

139 3842 250 3914 naam
265 3858 355 3930 aeas
371 3860 446 3918 aa
459 3861 555 3922 omna
571 3864 661 3948 moja
673 3864 782 3946 sees,
