2446 4260
216 201 275 259 258
526 210 709 254 nvmerrxr
722 211 866 255 ιιιιιοιιιι

217 354 315 415 Securi
326 353 420 432 pelagi
432 357 518 432 atque
530 353 596 412 mei.
636 354 718 412 Mars
730 353 846 431 perdere
859 356 978 432 gentem

217 437 378 494 Immunem
392 433 549 512 Lapithum
562 433 671 506 valuit3
691 433 830 492 concessit
845 433 876 491 in
891 434 948 493 iras

106 580 109 587 ,
218 516 285 593 Ipse
299 514 383 572 deum
397 513 544 590 antiquam
557 513 671 592 genitor
685 513 832 591 Calydona
845 512 968 586 Dionae3

218 595 302 668 Quod
315 594 405 653 scelus
418 597 469 652 aut
479 593 617 670 Lapithas
630 595 755 664 tantum,
766 596 816 652 aut
827 593 974 686 Calydona
983 593 1171 655 merentem?

216 676 273 733 Ast
287 672 563 766 ego,nragnaJov1s
577 672 688 751 conjux,
702 672 744 731 nil
756 673 906 765 linquere
897 694 1033 733 inausum

219 756 319 831 Quaep
321 752 383 811 otui
395 752 503 826 infelix,
516 772 579 830 quae
592 752 720 811 memet
711 772 742 810 ιιι
756 753 852 811 omnia
864 753 948 827 verti,

218 833 325 892 Vinoor
338 833 374 891 ab
387 832 487 891 AEnea
528 832 645 904 Quod
624 851 725 890 simeo
736 832 855 891 numina
867 853 926 891 non
939 837 1009 892 sunt

219 914 329 991 Magna
347 912 432 971 satis:
457 911 585 970 dubitem
605 911 683 969 haud
703 912 834 987 equidem
852 911 1004 990 implorare
1024 914 1106 991 quod
1125 935 1172 972 us·

220 992 384 1052 Flectere'
362 1012 386 1049 s1
398 1011 509 1084 nequeo
520 1010 644 1069 superos,
658 991 823 1050 Acheronta
835 993 964 1053 movebo.
999 992 1104 1072 [quam
1116 999 1172 1053 est

219 1072 289 1132 Non
302 1072 417 1130 dabitur
430 1071 534 1149 regnis,
547 1074 618 1141 esto,
631 1071 781 1148 prohibere
794 1070 916 1145 Latinis,

219 1152 317 1228 Atque
329 1151 451 1209 immota
462 1153 560 1209 manet
573 1115 641 1208 fatis
654 1149 776 1209 Lavinia
788 1151 907 1228 conjux.

220 1232 263 1290 At
275 1231 397 1302 trahere,
410 1233 496 1307 atque
509 1250 602 1288 moras
615 1229 706 1288 tantis
718 1231 786 1289 licet
800 1230 901 1290 addere
913 1231 1016 1304 rebus3

220 1311 262 1369 At
275 1311 343 1370 licet
356 1311 506 1369 amborum
517 1309 637 1388 populos
651 1310 812 1369 exscindere
825 1331 937 1388 regum.

219 1390 286 1449 Hac
299 1410 386 1468 gener
398 1393 485 1466 atque
497 1409 576 1448 socer
588 1393 691 1448 rotant
704 1390 833 1450 mercede
845 1410 970 1449 suorum.

220 1470 364 1548 Sanguine
378 1470 500 1548 Trojano
514 1471 544 1528 et
557 1468 669 1527 Rutulo
682 1468 824 1543 dotabere‚
838 1470 936 1548 virgo:

219 1550 263 1608 Et
276 1549 397 1608 Bellona
408 1551 506 1608 manet
518 1552 549 1608 te
561 1549 698 1625 pronuba.
738 1548 802 1608 Nec
814 1548 875 1609 face
888 1554 1007 1609 tantum

220 1629 325 1688 Cisseis
338 1649 491 1706 pregnans
504 1628 585 1706 ignes
598 1628 681 1687 enixa
689 1629 817 1706 jugales:

221 1709 298 1781 Quin
310 1709 387 1768 idem
400 1707 505 1767 Veneri
517 1711 616 1786 pertus
630 1729 707 1781 suus,
721 1712 751 1767 et
765 1709 847 1767 Paris
860 1709 941 1779 alter,

221 1788 412 1865 Funestaeque
424 1787 530 1847 iterum
542 1787 666 1846 recidiva
677 1788 709 1846 in
722 1787 863 1866 Pergama
875 1789 990 1848 taedae.’'

260 1869 335 1926 Haeo
348 1869 398 1927 ubi
410 1868 488 1927 dicta
500 1867 588 1939 dedit,
601 1870 691 1926 terras
705 1868 846 1927 horrenda
857 1868 972 1946 petivit.

222 1948 393 2007 Luctifioam
405 1947 519 2007 Allecto
531 1946 669 2005 Dirarum
683 1948 718 2006 ab
731 1947 797 2006 sede
810 1967 939 2006 sororum

220 2027 400 2104 Infernisque
414 2027 470 2086 ciet
482 2027 624 2087 tenebris:
645 2027 692 2086 cui
704 2027 801 2086 tristia
813 2027 895 2099 belle,

223 2106 343 2184 Iraeque,
356 2106 529 2184 insidiaeque,
543 2108 574 2165 et
587 2106 706 2165 crimina
718 2107 803 2165 noxia
815 2108 902 2166 cordi.

223 2187 294 2245 Odit
307 2191 338 2245 et
351 2187 410 2264 ipse
423 2190 505 2264 pater
519 2186 636 2257 Pluton,
650 2187 732 2245 odere
746 2206 854 2246 sorores

223 2266 368 2325 Tartareae
381 2269 558 2324 monstrum:
579 2269 626 2324 tot
640 2286 699 2325 sese
714 2267 803 2324 vertit
816 2267 847 2324 in
861 2287 918 2339 ora,

222 2345 296 2404 'Pam
309 2365 392 2404 saevae
405 2345 497 2418 facies,
511 2348 558 2404 tot
571 2346 693 2423 pullulet
706 2349 770 2404 atra
782 2346 913 2404 colubris.

223 2426 317 2497 Quam
331 2425 351 2482 J
352 2445 409 2483 uno
423 2425 468 2482 his
482 2425 559 2484 acuit
572 2426 674 2497 verbis
687 2446 719 2484 ec
732 2425 802 2484 talia
815 2426 908 2484 fatur:

223 2505 338 2563 “Hunc
351 2504 424 2563 mihi
438 2505 474 2563 da
485 2505 640 2582 proprium,
653 2505 735 2582 virgo
749 2508 812 2563 sata
824 2506 929 2576 Nocte,
942 2505 1078 2577 laborem,

223 2585 310 2643 Hanc
323 2605 445 2662 operam,
459 2605 495 2643 ne
508 2588 605 2643 noster
617 2586 708 2643 honos
721 2585 877 2644 infractave
890 2585 973 2644 cedat

222 2665 314 2722 Fama
325 2664 403 2736 loco;
423 2685 480 2723 neu
493 2665 640 2723 connubiis
654 2664 761 2723 ambire
774 2665 914 2723 Latinum

223 2744 357 2803 AEneadae
370 2745 489 2822 possint,
503 2745 629 2803 Italosve
643 2744 770 2803 obsidere
783 2745 862 2802 fines.

223 2823 269 2881 Tu
281 2826 362 2900 potes
376 2825 524 2882 unanimos
539 2844 646 2883 armare
659 2824 690 2881 in
703 2823 803 2900 proelia
815 2823 926 2894 fratres,

222 2905 321 2979 Atque
335 2904 406 2962 odiis
418 2924 530 2963 versare
544 2904 660 2977 domos3
680 2906 715 2961 tu
728 2904 845 2962 verbera
857 2903 942 2962 tectis

225 2981 423 3060 Funereasque
435 2983 538 3042 inferre
551 2983 644 3055 faces;
663 2983 718 3041 tibi
731 2984 847 3042 nomina
859 2983 946 3055 mille,

225 3062 308 3121 Mille
321 3063 442 3121 nocendi
455 3066 539 3122 antes.
580 3062 748 3121 Fecundum
761 3066 881 3122 concute
893 3066 1003 3140 pectus,

186 3168 189 3173 ¹
225 3141 332 3220 Disjice
346 3143 532 3220 compositam
546 3162 653 3220 paoem,
667 3162 727 3202 sere
740 3142 859 3202 crimina
871 3142 956 3213 belli;

224 3222 316 3280 Arma
327 3222 398 3280 velit
410 3226 564 3299 poscatque
577 3222 671 3294 simul,
684 3222 831 3300 rapiatque
840 3221 1008 3300 juventus.‘’

266 3301 342 3359 Exin
356 3302 514 3379 Gorgoneis
527 3302 640 3361 Allecto
653 3302 760 3360 infecta
771 3302 887 3361 venenis

226 3381 372 3459 Principio
386 3381 504 3440 Latium
517 3386 547 3440 et
561 3382 713 3441 Laurentis
726 3384 806 3441 tecta
817 3381 936 3460 tyranni

226 3460 309 3519 Celsa
321 3463 404 3539 petit,
417 3460 595 3538 tacitumque
608 3462 719 3520 obsedit
731 3462 819 3520 limen
832 3463 957 3532 Amatae,

226 3541 320 3612 Quam
333 3561 416 3618 super
430 3541 555 3599 adventu
569 3541 711 3600 Teucrum
724 3541 869 3617 Turnique
882 3540 1040 3619 hymenaeis

227 3620 371 3679 Femineas
383 3621 531 3679 ardentem
544 3640 673 3698 curaeque
687 3621 791 3698 iraeque
805 3623 974 3697 coquebant.

226 3699 306 3758 Huic
320 3701 372 3758 dea
385 3699 510 3759 oaeruleis
523 3721 614 3758 unum
627 3702 662 3760 de
676 3701 799 3760 crinibus
813 3721 937 3778 anguem

227 3778 359 3858 (lonjicit
369 3780 455 3857 inque
468 3779 563 3838 sinum
575 3781 730 3857 praecordia
742 3781 779 3839 ad
790 3781 894 3839 intima
908 3779 1015 3851 subdit,

225 3859 290 3934 Quo
302 3860 459 3921 furibunda
471 3860 591 3920 domum
599 3864 729 3919 monstro
740 3861 909 3936 permisceat
922 3880 1045 3920 omnem.

218 3941 280 4005 ssle
292 3943 375 4005 inter
386 3947 487 4006 vestes
501 3945 533 4004 et
542 3941 622 4004 leuia
630 3940 858 4021 pectoralapsus
