2446 4260
188 213 228 271 36
488 227 516 270 r.
530 226 670 270 vmomn
689 203 831 271 usionis

188 369 293 448 Virgea
304 371 443 448 praeterea
456 367 533 429 Celei
546 369 664 446 vilisque
677 370 810 447 supellex,

188 451 326 508 Arbuteae
339 453 430 509 crates
444 453 473 508 et
488 450 610 528 mystice
622 470 732 508 vannus
746 449 861 508 Iacchi:

190 530 294 588 Omnia
307 550 371 607 quae
385 529 477 588 multo
491 532 559 588 ante
571 549 680 588 memor
692 530 806 608 provisa
817 549 943 607 repones,

189 609 221 667 Si
232 612 263 668 te
277 609 363 686 digna
374 613 473 668 manet
486 609 576 667 divini
588 609 678 686 gloria
694 609 777 667 ruris.

189 688 334 748 Continuo
346 688 377 746 in
390 688 468 747 silvis
481 709 586 767 magne
597 689 627 746 vi
639 689 711 748 flexa
723 689 857 747 domatur

189 768 228 826 In
240 769 335 827 burim
348 772 378 827 ct
391 769 471 827 curvi
483 768 605 827 formam
617 769 720 846 accipit
733 768 827 826 ulmus
842 769 944 841 aratri;

189 847 270 907 Huic
283 868 300 907 a
313 848 400 926 stirpe
413 849 498 926 pedes
511 851 589 907 temo
601 852 752 926 protentus
764 848 796 905 in
813 852 895 920 octo;

188 927 270 986 Binae
284 947 372 1000 aures,
387 927 492 1006 duplici
505 931 640 1005 aptantur
653 927 778 986 dentalia
790 928 882 986 dorso.

190 1006 318 1066 Caeditur
331 1011 361 1067 et
374 1008 439 1066 tilia
451 1010 518 1066 ante
526 1007 599 1085 jugo
612 1007 690 1079 levis,
704 1007 817 1085 altaque
830 1007 921 1086 fagus,

190 1086 334 1165 Stivaquq
348 1108 410 1165 quae
423 1107 521 1146 currus
534 1108 552 1145 a
564 1091 647 1165 tergo
660 1091 793 1164 torqueat
806 1087 895 1161 imos3

190 1166 233 1225 Et
246 1187 381 1244 suspensa
393 1167 462 1225 focis
476 1167 603 1245 explorat
617 1167 718 1225 robora
730 1168 834 1226 fumus.

230 1245 352 1305 Possum
364 1247 457 1306 multa
469 1247 524 1307 tibi
536 1250 666 1306 veterum
677 1249 820 1325 praecepta
831 1247 942 1318 referre,

190 1325 233 1385 Ni
246 1327 360 1404 refugis,
374 1329 528 1404 tenuesque
541 1327 622 1404 piget
635 1347 802 1404 cognoscere
816 1347 905 1386 curas.

191 1406 267 1464 Area
280 1406 456 1483 cumprimis
469 1407 582 1484 ingenti
597 1407 735 1482 aequandn
747 1407 874 1484 cylindro

191 1485 234 1544 Et
247 1486 383 1545 vertenda
394 1506 482 1544 manu
495 1490 525 1545 et
538 1489 615 1545 creta
628 1485 774 1544 solidanda
785 1486 887 1558 tenaci,

192 1564 240 1623 Ne
253 1566 372 1624 subeant
385 1566 487 1637 herbae,
501 1585 557 1624 neu
570 1564 684 1642 pulvere
696 1565 775 1623 victa
786 1566 918 1637 fatiscat3

191 1644 268 1702 Tum
280 1646 366 1704 vnriae
379 1645 502 1704 illudant
514 1649 624 1723 pestes:
645 1664 721 1722 suepe
735 1645 853 1722 exiguus
865 1664 929 1703 mus

192 1723 252 1782 Sub
265 1725 348 1784 terris
361 1726 512 1803 posuitque
525 1725 623 1783 domos
637 1728 723 1801 atquc
735 1725 836 1784 horrea
853 1725 937 1797 fecit3

191 1804 254 1862 Aut
268 1805 355 1863 oculis
369 1805 445 1883 capti
458 1805 552 1864 fodere
566 1804 668 1864 cubilia
680 1805 786 1881 talpae;

191 1883 387 1962 Inventusque
400 1885 475 1943 cavis
488 1885 565 1956 bufo,
579 1888 609 1942 et
623 1904 687 1961 quae
701 1884 823 1961 plurima
835 1885 918 1942 terrae

192 1963 326 2022 Monstra
338 1964 451 2036 ferunt3
471 1965 643 2041 populatque
655 1963 802 2041 ingentem
815 1964 896 2022 farris
910 1983 1042 2022 acervum

192 2043 332 2116 Curculio,
346 2046 431 2121 atque
443 2044 521 2121 inopi
534 2048 663 2102 metuens
676 2043 794 2101 formica
806 2047 937 2102 senectae.

193 2122 409 2200 Contemplator
422 2124 501 2194 item,
515 2144 603 2200 quum
617 2143 647 2181 se
659 2144 718 2180 nux
731 2122 853 2200 plurima
866 2124 943 2182 silvis

192 2202 299 2261 Induet
312 2203 343 2260 in
355 2203 454 2262 florem
468 2206 497 2261 et
509 2222 603 2261 ramos
617 2202 747 2261 curvabit
760 2202 886 2275 olentes;

192 2281 224 2340 Si
237 2286 371 2360 superant
383 2283 467 2354 fetus,
481 2282 587 2359 puriter
599 2282 743 2340 frumenta
756 2287 918 2360 sequentur,

193 2361 357 2440 Magnaque
370 2382 435 2420 cum
448 2382 553 2438 magno
566 2362 662 2421 veniet
674 2362 781 2420 tritura
794 2363 901 2434 calore;

192 2442 235 2500 At
248 2442 273 2500 si
285 2442 397 2500 luxuria
408 2442 541 2503 foliorum
554 2442 688 2501 exuberat
701 2442 809 2513 umbra,

193 2520 395 2598 Nequidquam
407 2522 527 2599 pingues
540 2521 621 2598 palea
632 2524 707 2580 teret
722 2542 786 2579 area
798 2521 914 2580 culmos.

194 2599 307 2659 Semina
319 2601 379 2659 vidi
391 2601 522 2679 equidem
535 2601 641 2662 multos
654 2601 793 2660 medicare
806 2604 939 2673 serentes,

194 2680 236 2738 Et
249 2680 326 2739 nitro
339 2682 416 2758 prius
430 2684 460 2739 et
473 2681 556 2759 nigra
568 2681 735 2758 perfundere
748 2702 870 2754 amurca,

195 2760 336 2820 Grandior
349 2764 383 2819 ut
396 2762 471 2820 fetus
485 2761 593 2838 siliquis
605 2760 751 2818 fallacibus
765 2765 847 2833 esset,

195 2839 237 2897 Et
250 2841 378 2917 quamvis
390 2840 452 2919 igni
465 2840 566 2917 exiguo
580 2843 730 2917 properata
742 2841 898 2899 maderent.

195 2918 263 2976 Vidi
275 2919 349 2978 lecta
362 2920 412 2978 diu
424 2923 454 2978 et
466 2920 559 2978 multo
573 2923 701 2996 spectata
714 2921 809 2978 labore

194 2997 373 3077 Degenerare
385 3004 492 3071 tamen,
505 3000 536 3057 ni
548 2999 592 3058 vis
605 3000 731 3057 humana
747 2998 900 3077 quotannis

195 3077 324 3137 Maxima
337 3100 452 3157 quaeque
465 3099 552 3137 manu
564 3079 688 3155 legeret3
712 3079 752 3138 sic
766 3079 861 3138 omnia
872 3077 939 3136 fatis

195 3157 233 3215 In
244 3158 325 3236 pejus
337 3179 425 3232 ruere,
440 3179 472 3218 ac
484 3162 561 3217 retro
575 3158 707 3236 sublapsa
718 3158 831 3230 referri3

195 3237 265 3295 Non
278 3238 360 3297 aliter
373 3259 459 3316 quarn
471 3239 520 3316 qui
533 3238 650 3297 adverso
663 3238 712 3296 vix
724 3239 840 3296 flumine
853 3237 980 3296 lembum

195 3317 335 3395 Remigiis
349 3318 465 3395 subigit,
479 3318 504 3375 si
516 3317 632 3376 brachia
643 3318 717 3377 forte
730 3318 848 3389 remisit,

195 3398 292 3473 Atque
304 3397 387 3456 illum
398 3398 430 3455 in
442 3417 568 3474 praeceps
581 3418 670 3475 prono
684 3399 759 3475 rapit
772 3397 868 3456 alveus
882 3395 968 3454 amni.

234 3477 375 3536 Praeterea
387 3481 449 3536 tam
462 3480 530 3535 sunt
542 3477 661 3535 Arcturi
674 3477 765 3535 sidera
779 3477 861 3536 nobis

195 3556 410 3634 Haedorumque
423 3557 482 3615 dies
496 3557 626 3614 servandi
639 3560 669 3615 et
681 3557 791 3615 lucidus
805 3555 926 3634 Anguis,

195 3636 289 3708 Quam
302 3637 404 3714 quibus
416 3636 447 3694 in
459 3635 583 3713 patriam
595 3639 717 3695 ventosa
729 3657 780 3714 per
792 3655 907 3713 aequora
919 3635 1008 3694 vectis

195 3715 307 3775 Pontus
320 3719 351 3775 et
364 3716 486 3775 ostriferi
498 3716 592 3774 fauces
604 3718 755 3774 tentantur
768 3717 873 3794 Abydi.

195 3794 283 3853 Libra
296 3796 341 3855 die
354 3797 500 3873 somnique
513 3815 594 3873 pares
606 3795 657 3854 ubi
669 3795 767 3854 fecerit
780 3796 873 3868 borea,

195 3872 238 3933 Et
250 3875 376 3934 medium
388 3876 445 3935 luci
459 3879 544 3953 atque
556 3875 665 3933 umbris
674 3875 736 3953 jam
749 3875 851 3934 dividit
865 3875 971 3948 orbem,

195 3955 343 4029 Exercete,
355 3956 418 4030 viri,
431 3960 545 4030 tauros3
565 3955 650 4015 serite
662 3955 768 4016 hordea
780 3955 886 4034 campie
