2446 4260
459 248 750 292 ammosnmrr.
1019 230 1079 292 379

132 393 175 451 Et
187 412 242 465 me,
256 391 360 464 Turne,
373 395 506 450 manent:
528 391 613 450 simul
624 393 687 450 haec
700 391 792 450 invisa
803 391 961 469 relinquam
1085 448 1087 451 ,

132 473 264 544 Lumina,
277 492 329 530 nec
342 492 479 549 generum
492 472 603 530 AEnean
617 471 730 549 captiva
743 472 874 531 videbo.'’

132 553 253 631 Accepit
265 571 364 611 vocem
377 551 500 610 lacrimis
513 551 746 610 Laviniamatris

133 633 303 710 llagmntes
316 632 429 709 perfusa
440 651 546 709 genas:
567 631 613 690 cui
626 632 764 708 plurimus
776 632 874 709 ignem

133 712 260 790 Subjeoit
274 711 368 783 rubor,
382 714 412 769 et
425 711 559 770 calefacta
572 731 622 788 per
635 731 684 769 ora
697 711 831 770 cucurrit.

133 792 241 850 Indum
255 791 409 869 sanguineo
422 791 513 850 veluti
525 791 673 850 violaverit
687 794 765 849 ostro

134 872 165 931 Si
178 872 242 950 quis
255 872 332 943 ebur,
346 874 397 929 aut
409 871 501 929 mixta
513 871 618 928 rubent
630 871 681 928 ubi
693 870 753 929 lilia
764 870 857 929 multa

135 953 211 1010 Alba
223 972 303 1010 rosa:
323 951 390 1010 talis
403 951 484 1028 virgo
498 950 584 1007 dabat
598 970 646 1008 ore
659 950 773 1008 colores.

135 1032 225 1090 Illum
237 1031 337 1090 turbat
351 1050 438 1102 amor,
451 1030 572 1108 figitque
584 1030 616 1087 in
628 1029 739 1107 virgine
752 1030 849 1088 vultus
859 1055 883 1088 :·

134 1112 228 1170 Ardet
240 1111 271 1168 in
285 1131 363 1169 arma
375 1111 475 1188 magis,
489 1110 640 1187 paucisque
654 1110 758 1168 affatur
770 1111 922 1168 Amatam:

136 1196 152 1223 “
163 1192 220 1263 Ne,
233 1210 339 1268 quaeso,
353 1211 389 1248 ne
402 1210 448 1248 me
461 1189 592 1261 lacrimis,
605 1209 677 1247 neve
690 1189 784 1248 omine
797 1193 880 1248 tanto

136 1271 309 1348 Prosequere
321 1271 352 1328 in
366 1270 430 1328 duri
443 1269 598 1328 certamina
611 1268 716 1327 Martis
730 1272 854 1340 euntem,

137 1351 162 1409 0
175 1353 284 1409 mater:
304 1370 395 1427 neque
408 1349 485 1408 enim
499 1349 596 1407 Turno
609 1369 689 1407 mora
701 1349 790 1407 libera
802 1349 913 1406 mortis.

135 1431 168 1489 N
168 1431 267 1488 unoius
280 1430 341 1488 haec
355 1429 459 1487 Idmon
473 1429 603 1506 Phrygio
615 1449 679 1487 mea
692 1429 769 1487 dicta
781 1431 905 1506 tyranno

136 1510 226 1568 Haud
238 1509 377 1586 placitura
388 1510 476 1568 refer:
498 1509 732 1586 Quamprimum
746 1508 869 1566 crastina
882 1507 953 1566 coelo

136 1589 269 1648 Puniceis
281 1589 395 1647 invecta
407 1590 477 1647 rotis
491 1590 603 1647 Aurora
614 1587 748 1659 rubescit,

136 1669 168 1726 N
168 1689 206 1728 on
220 1668 343 1728 Teucros
357 1671 425 1746 agat
437 1669 468 1725 in
482 1668 622 1726 Rutulos:
644 1667 787 1726 Teucrum
801 1688 879 1726 arma
892 1667 1039 1744 quiescant

136 1749 179 1807 Et
193 1749 352 1807 Rutulum:
373 1751 472 1806 nostro
485 1747 650 1811 dirimamus
664 1747 800 1825 sanguine
814 1747 936 1806 bellum:

138 1828 195 1887 Illo
209 1831 355 1904 quaeratur
369 1829 471 1905 conjux
484 1827 605 1884 Lavinia
618 1827 746 1904 campo.”

176 1908 249 1966 Haec
262 1907 313 1966 ubi
325 1908 402 1966 dicta
415 1906 502 1977 dedit,
515 1905 685 1983 rapidusque
698 1906 729 1963 in
741 1909 820 1964 tecta
831 1905 956 1979 recessit,

138 1987 236 2046 Poscit
250 2007 344 2065 equos,
358 1987 518 2064 gaudetque
531 1989 616 2044 tuens
630 1989 697 2044 ante
710 2006 760 2044 ora
771 1986 933 2058 frementes,

138 2067 273 2126 Pilumno
288 2088 357 2144 quos
370 2067 433 2144 ipsa
444 2067 531 2124 decus
546 2065 625 2124 dedit
639 2065 789 2143 Orithyia3

139 2147 196 2219 Qui
209 2148 328 2206 candore
342 2148 421 2205 nives
435 2147 586 2218 anteirent,
600 2146 728 2205 cursibus
741 2165 832 2202 auras.

139 2227 334 2286 Circumstant
347 2226 459 2304 properi
472 2226 584 2304 aurigae,
598 2225 783 2302 manibusque
796 2225 939 2283 lacessunt

139 2307 261 2366 Pectora
272 2306 371 2384 plausa
384 2306 468 2378 cavis,
482 2310 511 2365 et
526 2307 597 2365 colla
610 2306 753 2365 comantia
764 2307 893 2382 pectunt.

139 2386 207 2463 Ipse
220 2386 322 2445 dehinc
336 2407 403 2445 auro
417 2387 594 2461 squalentem
606 2386 726 2462 alboque
740 2385 879 2444 orichalco

140 2466 306 2526 circumdat
319 2466 437 2525 loricam
449 2465 574 2523 humeris
585 2489 591 2536 ;
612 2466 697 2523 simul
710 2467 791 2542 aptat
804 2463 934 2522 habendo

140 2546 304 2622 Ensemque
316 2546 493 2623 clipeumque
506 2548 536 2602 et
549 2544 640 2601 rubrae
654 2564 758 2602 cornua
771 2544 915 2614 cristae,—

141 2626 258 2697 Ensem,
272 2645 355 2702 quem
369 2626 474 2682 Dauno
487 2623 649 2701 ignipotens
663 2624 731 2681 deus
745 2623 804 2699 ipse
817 2621 929 2699 parenti

142 2706 270 2777 Fecerat,
284 2709 314 2764 et
328 2704 431 2782 Stygia
444 2704 612 2761 candentem
624 2702 750 2760 tinxerat
763 2702 847 2760 unda.

141 2786 228 2858 Exin,
242 2805 306 2862 quae
320 2784 420 2843 mediis
433 2782 546 2860 ingenti
559 2781 661 2840 adnixa
674 2781 810 2839 columnae

142 2865 263 2923 AEdibus
277 2864 417 2936 adstabat,
430 2863 553 2921 validam
566 2861 595 2919 vi
608 2861 724 2938 corripit
737 2861 859 2931 hastam,

141 2944 257 3003 Actoris
270 2944 399 3003 Aurunci
411 2943 533 3020 spolium
544 2967 551 3014 ;
572 2945 740 3017 quassatque
753 2942 935 3011 trementem,

142 3024 322 3083 Vociferans:
344 3028 360 3054 “
371 3025 466 3094 Nunc,
480 3043 497 3081 o
510 3041 657 3098 nunquam
669 3021 806 3078 frustrata
817 3023 936 3078 vocatus

143 3105 240 3163 Hasta
251 3124 338 3175 meos,
351 3123 427 3161 nunc
440 3105 553 3179 tempus
566 3101 664 3172 adest;
683 3103 714 3158 te
726 3099 867 3158 maximus
881 3101 981 3172 Actor,

143 3184 185 3242 Te
199 3183 290 3241 Turni
302 3203 378 3240 nunc
392 3183 492 3241 dextra
504 3181 587 3258 gerit.
627 3180 675 3238 Da
687 3182 812 3238 sternere
825 3199 934 3258 corpus,

143 3264 330 3340 Loricamque
344 3282 431 3319 manu
443 3261 537 3318 valida
549 3261 669 3318 lacerare
682 3260 824 3318 revulsam

144 3342 276 3402 Semiviri
288 3341 422 3419 Phrygis,
436 3342 466 3397 et
479 3341 583 3398 foedare
595 3339 627 3396 in
639 3339 753 3416 pulvere
767 3340 857 3398 crines

143 3423 279 3482 Vibratos
292 3422 382 3481 calido
395 3420 476 3491 ferm,
489 3419 660 3498 myrrhaque
673 3420 849 3479 madentes.'’

144 3503 202 3561 His
216 3502 311 3580 agitur
324 3501 421 3560 furiis:
442 3502 560 3574 totoque
574 3499 699 3557 ardentis
713 3499 749 3556 ab
763 3519 810 3557 ore

144 3581 281 3641 Scintillae
295 3581 455 3651 absistunt;
476 3578 563 3637 oculis
577 3576 665 3636 micat
678 3578 787 3636 acribus
800 3577 884 3655 ignis.

144 3663 280 3740 Mugitus
293 3660 383 3719 veluti
396 3678 484 3736 quum
497 3658 589 3735 prima
601 3657 632 3714 in
644 3658 742 3734 proelia
754 3661 853 3714 taurus

145 3741 294 3800 Terrificos
308 3740 372 3810 ciet,
386 3742 472 3815 atque
484 3737 567 3795 irasci
579 3736 610 3793 in
624 3756 729 3795 cornua
741 3739 846 3807 tentat,

145 3821 263 3880 Arboris
277 3819 396 3879 obnixus
409 3821 520 3888 trunco,
533 3820 690 3891 ventosque
702 3815 814 3873 lacessit

146 3901 266 3972 Ictibus,
280 3902 311 3958 et
324 3916 420 3975 sparsa
432 3897 468 3955 ad
480 3916 609 3976 pugnam
620 3894 750 3975 proludit
762 3913 858 3954 arena.

175 3980 241 4037 Nec
251 3979 349 4036 minus
361 3977 474 4038 interea
486 3977 630 4039 maternis
644 3999 741 4040 saeuus
753 3977 788 4038 in
801 3975 896 4038 armis
