2370 4260
410 127 553 170 mneos
566 128 630 169 LIB.
645 128 681 169 11.

110 266 216 348 Namque,
227 273 260 329 ut
274 272 428 348 conspectu
440 270 471 328 in
484 270 578 329 medio
591 271 733 341 turbatus,
747 269 862 330 inermis

111 347 221 424 11111111,
234 355 320 428 atque
333 350 421 410 oculis
435 350 565 429 Phrygia
577 351 693 428 agmina
705 350 920 429 circumspexit:

112 427 176 503 ‘Heu
187 452 242 509 quae
251 451 328 490 nunc
341 431 445 502 tellus,'
460 430 564 508 inquit,
578 435 658 507 ‘quae
668 450 714 487 me
724 450 836 506 aequora
848 436 967 509 possunt

111 506 231 587 decipere?
251 515 303 569 aut
316 510 385 589 quid
394 510 456 588 jam
468 511 572 568 misero
585 510 658 566 mihi
671 510 790 586 denique
803 512 917 572 restat?

111 585 145 646 cui
153 611 229 668 neque
242 591 318 668 apud
331 591 447 648 Danaos
460 610 581 667 usquam
594 589 681 660 locus,
696 591 725 647 et
740 610 824 666 super
836 591 891 668 ipsi

109 664 241 728 Dardanidae
253 670 357 729 infensi
370 689 469 747 poenas
482 689 548 727 cum
561 668 699 747 sanguine
711 671 851 745 poscunt!

109 744 149 816 Qu
157 751 259 828 gemitu
271 749 400 809 conversi
413 749 509 820 animi,
523 769 699 826 compressus
712 752 742 807 et
755 750 848 809 omnis

107 822 210 906 Impetus.
250 831 414 888 Hortamur
426 829 487 899 sari,
502 849 558 905 quo
571 828 708 905 sanguine
721 831 825 901 cretus,

106 903 182 976 Quidve
194 911 284 982 serat3
304 911 451 981 memoret,
466 928 528 985 quae
541 907 580 965 sit
593 908 697 965 fiducia
710 912 802 984 capto.

104 980 139 1045 Ille
147 989 208 1061 hec,
222 990 352 1066 deposita
363 988 481 1046 tandem
494 986 653 1058 formidine,
666 988 760 1045 satur:

128 1069 264 1128 “‘Cuncta
276 1069 408 1146 equidem
421 1067 485 1138 tibi,
499 1067 571 1137 Rex,
581 1066 668 1125 suerit
682 1067 886 1145 quodcumque,
900 1068 1010 1127 fatebor

101 1139 165 1218 leru’
177 1149 288 1226 inquit:
309 1153 419 1225 ‘neque
432 1166 479 1205 me
492 1146 628 1224 Argolica
640 1147 675 1205 de
688 1149 775 1224 gente
788 1149 914 1226 negabo:

97 1218 145 1285 Hoc
154 1229 291 1305 primum;
311 1247 372 1299 nec,
386 1227 411 1285 si
423 1227 559 1285 miserum
571 1226 687 1284 fortuna
700 1226 834 1286 Sinonem

95 1299 178 1379 linxit,
191 1328 298 1366 vanum
312 1307 399 1366 etiam
412 1307 631 1382 mendacemque
644 1306 773 1382 improba
786 1307 885 1386 finget.

92 1377 170 1446 lando
183 1388 298 1466 aliquod
311 1387 336 1446 si
348 1387 423 1445 forte
435 1389 501 1444 tues
514 1386 644 1463 pervenit
657 1386 694 1443 ad
706 1406 787 1445 aures

89 1457 177 1525 Belidae
189 1487 294 1527 nomen
308 1466 468 1525 Palamedis
481 1468 511 1524 et
524 1465 635 1543 inclyta
646 1465 723 1523 sama

86 1538 182 1606 Gloria:
203 1567 289 1625 quem
302 1547 372 1605 falsa
385 1546 438 1604 sub
448 1545 611 1638 proditione
624 1545 739 1622 Pelasgi

82 1614 228 1698 honrem,
240 1627 357 1684 infando
370 1625 484 1697 indicro,
497 1625 564 1702 quia
576 1624 651 1682 bella
663 1625 789 1696 vetabat,

76 1695 217 1766 Demisere
229 1707 308 1778 neci;
328 1726 405 1764 nunc
418 1725 530 1764 cassum
542 1704 649 1762 lumine
661 1704 779 1782 lugent3

71 1773 130 1841 Illi
139 1805 179 1846 me
191 1786 326 1845 'comitem
339 1787 370 1843 et
383 1783 630 1862 consanguinitate
643 1784 833 1861 propinquum

68 1852 182 1942 Pauper
193 1865 223 1924 in
237 1886 317 1924 arma
328 1868 410 1943 pater
422 1863 521 1942 primis
533 1863 590 1921 hue
603 1864 683 1921 misit
696 1865 731 1922 ab
744 1866 841 1924 annis:

63 1931 153 2002 Dum
163 1946 257 2004 stabat
270 1966 358 2022 regno
370 1944 528 2015 incolumis,
541 1963 696 2021 regumque
709 1943 825 2020 vigebat

61 2013 209 2097 Consiliis,
222 2028 252 2085 11
265 2045 318 2083 nos
332 2023 445 2101 aliquod
458 2043 617 2099 nomenque
631 2023 769 2099 decusque

60 2093 222 2163 Grcssimus.
263 2104 378 2162 Invidia
390 2107 542 2181 postquam
555 2103 667 2181 pellacis
681 2103 760 2161 Ulixi

62 2173 177 2249 (Iluud
187 2185 288 2263 ignota
299 2184 412 2261 loquor)
429 2183 537 2260 superis
550 2183 689 2241 concessit
702 2184 737 2240 ab
751 2184 823 2241 oris:

56 2254 201 2322 Afflictus
214 2264 305 2322 vitam
318 2264 349 2321 in
361 2262 486 2330 tenebris
499 2262 635 2339 luctuque
648 2263 805 2335 trahebam,

54 2327 125 2396 Et
135 2362 219 2402 susum
231 2343 354 2402 insontis
367 2363 479 2401 mecum
491 2342 660 2419 indignabar
673 2343 764 2400 amici.

55 2406 141 2478 Nee
150 2424 221 2482 tacui
235 2424 349 2482 demens
360 2447 366 2494 ;
387 2426 416 2480 et
429 2442 485 2493 me,
498 2422 555 2480 fors
569 2421 594 2479 si
607 2443 663 2499 qua
674 2422 797 2493 tulisset,

56 2488 118 2554 Si
126 2504 218 2576 patrios
231 2523 358 2580 unquam
371 2522 539 2561 remeassem
551 2502 644 2560 victor
657 2502 693 2559 ad
706 2503 809 2578 Argos,

57 2564 192 2640 Promisi
203 2584 326 2641 ultorem
337 2607 343 2653 ;
363 2585 393 2641 et
406 2582 499 2640 verbis
513 2581 577 2640 odia
590 2601 688 2657 aspera
700 2582 786 2639 movi.

58 2643 232 2721 ἶ311111ιὶ1ιὶ
244 2663 337 2740 prime
349 2662 417 2720 mali
429 2662 522 2733 labes3
541 2661 609 2720 hinc
622 2681 732 2738 semper
745 2661 843 2719 Ulixes

62 2727 240 2800 Culminibus
254 2746 359 2801 terrere
372 2742 470 2814 novis;
490 2741 557 2799 hinc
570 2761 700 2818 spargere
713 2761 794 2799 voces

63 2802 122 2871 ΙΙ]
131 2821 237 2900 vulgum
251 2821 407 2900 ambiguos,
421 2824 451 2880 11
465 2841 586 2897 quaerere
600 2821 727 2880 conscius
741 2841 827 2879 arma.

65 2881 140 2955 Nee
149 2902 282 2979 requievit
296 2901 381 2973 enim,
395 2902 483 2960 donec
497 2901 652 2959 Calchante
665 2900 836 2959 ministro-

71 2963 135 3067 Sbl
144 2981 205 3057 quid
217 3002 271 3060 ego
284 2982 345 3063 baec
359 2985 455 3040 autem
468 2980 658 3058 nequidquam
671 2981 784 3057 ingrata
796 2980 934 3038 revolvo?

72 3045 179 3121 Quidve
190 3082 294 3134 moror,
308 3062 333 3120 si
345 3082 443 3120 omnes
455 3081 513 3119 uuo
527 3061 624 3119 ordine
637 3061 748 3118 habetis
762 3061 895 3132 Achivos,

76 3121 163 3213 quue
174 3142 268 3200 audire
282 3146 327 3199 sat
341 3140 411 3200 est?
426 3141 597 3218 jamdudum
610 3140 714 3198 sumite
727 3161 841 3216 poenas:

76 3198 141 3275 Hoc
152 3219 268 3281 Ithacus
281 3221 360 3292 velit,
374 3224 404 3280 11
417 3240 521 3298 magno
535 3224 696 3278 mercentur
708 3221 838 3278 Atridae!

159 3321 221 3361 vero
235 3301 366 3360 ardemus
379 3300 475 3358 scitari
489 3303 518 3358 et
532 3321 654 3375 quaerere
668 3320 773 3372 causas,

80 3356 476 3444 Ι111·111111111111111
490 3380 614 3458 artisque
628 3380 764 3457 Pelasgae.

81 3436 253 3538 Prmequitur
265 3461 406 3538 pavitans,
420 3463 450 3518 et
463 3461 532 3518 ficto
545 3463 658 3536 pectore
671 3461 756 3518 fatur.

119 3536 132 3565 “
141 3539 229 3618 ‘Saepe
243 3543 342 3618 fugam
355 3540 449 3598 Danai
462 3540 547 3617 Troja
560 3540 671 3616 cupiere
684 3540 782 3598 relicta

84 3595 173 3691 Ill0ldi,
187 3625 217 3680 et
230 3621 318 3699 longo
331 3620 397 3679 sessi
411 3619 550 3678 discedere
563 3620 646 3678 bello.

86 3675 270 3779 lubensque
282 3700 410 3759 utinam!
431 3720 504 3777 saepe
516 3700 579 3757 illos
593 3719 690 3777 aspera
702 3697 785 3776 ponti

86 3755 232 3836 IIlterclnsit
241 3781 340 3848 biems,
355 3783 387 3837 11
400 3780 504 3838 terruit
516 3783 615 3842 auster
628 3783 742 3842 euntes.

74 3832 201 3926 Euripus,
216 3876 304 3930 quum
308 3857 375 3932 jam
387 3858 439 3919 bic
452 3862 586 3927 trabibus
602 3868 764 3931 contextus
778 3868 896 3934 acernis
