2446 4260
478 256 620 299 muros
633 257 696 298 ms.
710 259 739 299 X.

137 398 224 455 Stant
235 396 304 456 lecti
317 397 423 456 circum
431 399 568 476 juvenes:
589 399 649 476 ipse
662 419 746 477 aeger,
759 400 903 475 anhelans,

137 476 218 535 Colla
230 477 317 549 fovet,
327 478 407 535 fusus
420 499 573 555 propexam
585 479 616 537 in
629 484 742 556 pectore
754 480 889 553 barbam3

136 557 235 615 Multa
247 577 331 633 super
344 557 438 616 Lauso
452 559 569 636 rogitat,
582 559 763 636 multumque
775 561 909 633 remittit,

136 637 193 708 Qui
205 640 347 708 revocent,
360 637 509 714 maestique
521 639 614 697 ferant
627 639 762 697 mandata
773 641 908 717 parentis.

135 717 179 774 At
192 715 320 774 Lausum
333 717 402 776 sccii
415 718 572 776 exanimem
585 738 669 795 super
682 738 761 776 arma
774 719 903 779 ferebant

136 795 262 867 Flentes,
274 796 430 874 ingentem,
444 800 529 872 atque
541 798 655 874 ingenti
666 798 782 857 vulnere
795 800 914 859 victum.

135 876 266 953 Agnovit
278 877 363 954 longe
376 877 517 954 gemitum
530 896 658 954 praesaga
670 879 740 935 mali
753 898 843 938 mens.

136 954 278 1014 Canitiem
291 956 385 1014 multo
398 957 538 1014 deformat
550 957 674 1033 pulvere,
688 961 718 1016 et
732 959 829 1017 ambas

136 1035 184 1092 Ad
197 1035 300 1093 coelum
312 1036 408 1094 tendit
420 1036 536 1112 palmas,
550 1040 580 1094 et
593 1057 708 1114 corpore
720 1037 850 1097 inbaeret.

137 1114 292 1173 “Tantane
305 1135 351 1173 me
363 1116 460 1174 tenuit
472 1116 594 1188 vivendi,
607 1119 683 1188 nate,
697 1117 837 1193 voluptas,

136 1193 185 1270 Up
198 1214 308 1271 prome
321 1195 420 1254 hostili
432 1199 544 1272 paterer
556 1197 702 1254 succedere
715 1197 832 1270 dextrae,

137 1273 230 1345 Quem
242 1274 352 1352 genui?
373 1275 471 1334 Tuane
484 1275 545 1334 baec
559 1276 672 1353 genitor
684 1296 734 1353 per
747 1277 864 1336 vulnera
876 1298 980 1351 servor,

137 1353 235 1412 Morte
248 1358 300 1412 tua
312 1354 434 1414 vivens?
455 1355 531 1426 Heu,
545 1375 621 1413 nunc
635 1356 737 1414 misero
750 1356 823 1414 mihi
835 1356 950 1416 demum

137 1432 279 1491 Exsilium
291 1435 404 1493 infelix!
424 1455 501 1492 nunc
515 1435 572 1494 alte
585 1436 688 1492 vuhrus
702 1436 850 1494 adactum!

137 1512 221 1571 Idem
234 1534 295 1591 eg0,
308 1516 385 1584 nate,
398 1518 482 1572 tuum
495 1515 635 1573 maculavi
648 1515 764 1574 crimine
777 1537 891 1589 nomen,

138 1592 241 1650 Pulsus
255 1593 292 1652 ob
304 1593 442 1652 invidiam
455 1595 524 1652 solio
538 1594 711 1671 sceptrisque
724 1595 858 1671 paternis.

137 1672 300 1731 Debueram
313 1673 414 1750 patriae
426 1694 523 1751 poenas
537 1675 663 1750 odiisque
676 1695 822 1733 meorum:

138 1751 245 1810 Omnes
258 1774 308 1830 per
320 1757 426 1812 mortes
440 1754 565 1812 animam
579 1758 691 1812 sontem
703 1755 763 1832 ipse
777 1754 933 1814 dedissem!

137 1831 226 1891 Nunc
238 1833 319 1892 vivo!
340 1853 431 1910 neque
444 1833 536 1892 adhuc
549 1834 678 1892 homines
691 1833 839 1910 lucemque
851 1835 995 1912 relinquo!

138 1911 194 1970 Sed
206 1912 363 1988 linquam.’'
405 1913 497 1970 Simul
510 1914 564 1971 hoc
578 1914 672 1971 dicens
686 1913 795 1972 attollit
808 1914 838 1971 in
852 1934 962 1992 aegrum

138 1991 174 2050 Se
186 1992 279 2050 femur
290 2017 297 2064 3
317 1995 356 2064 et,
370 2012 541 2068 quamquam
554 1993 597 2050 vis
610 1994 669 2051 alto
682 1993 798 2051 vulnere
810 1994 916 2065 tardat,

138 2071 228 2129 Haud
241 2071 366 2150 dejectus
379 2092 484 2148 equum
498 2072 564 2130 duci
572 2073 665 2150 jubet.
705 2073 772 2131 Hoc
785 2073 869 2132 decus
882 2074 933 2147 illi,

138 2151 206 2209 Hoc
220 2151 345 2210 solamen
359 2155 437 2223 erat3
456 2152 538 2210 bellis
551 2152 605 2210 hoc
619 2155 711 2211 victor
724 2153 821 2211 abibat

138 2230 288 2290 Omnibus.
328 2231 494 2308 Alloquitur
506 2235 680 2304 maerentem,
695 2235 724 2290 et
737 2233 842 2291 talibus
855 2232 937 2292 infit:

139 2314 155 2340 “
164 2310 286 2383 Rhoebe,
299 2311 432 2369 diu-res
446 2311 471 2368 si
484 2331 540 2388 qua
553 2313 602 2369 diu
614 2312 783 2371 mortalibus
796 2313 856 2370 ulla
868 2316 953 2371 est-

138 2389 278 2448 Viximus.
319 2391 381 2448 Aut
395 2391 479 2449 hodie
492 2392 584 2449 victor
598 2393 687 2469 spolia
698 2392 749 2450 illa
761 2397 879 2451 cruenta

138 2469 181 2527 Et
194 2473 281 2547 caput
294 2471 394 2528 AEneae
406 2471 517 2542 referes,
531 2471 673 2548 Lausique
687 2472 829 2533 dolorum.

139 2548 227 2608 Ultor
240 2550 294 2608 eris
307 2570 436 2609 mecum:
457 2553 517 2621 aut,
530 2552 622 2627 aperit
635 2551 659 2609 si
673 2552 751 2608 nulla
763 2553 840 2609 viam
853 2551 907 2622 vie,

140 2628 298 2688 Occumbes
311 2630 425 2706 pariter.
467 2631 569 2706 Neque
582 2631 666 2702 enim,
680 2631 841 2701 fortissime,
855 2630 947 2701 cred0‚

139 2709 160 2765 J
162 2729 229 2767 ussa
241 2709 332 2768 aliena
345 2710 406 2786 pati
419 2713 449 2768 et
463 2710 591 2768 dominos
606 2709 758 2786 dignabere
773 2710 926 2768 Teucros.”

139 2788 232 2859 Dixit,
247 2793 276 2847 et
290 2793 423 2866 exceptus
436 2794 518 2867 tergo
532 2794 668 2847 consueta
679 2789 784 2847 locavit

139 2869 281 2939 Membra,
294 2889 450 2945 manusque
464 2870 560 2927 ambas
569 2868 671 2946 jaculis
685 2868 813 2926 oneravit
827 2867 927 2938 acutis,

139 2949 209 3006 AEre
223 2952 309 3025 caput
321 2949 444 3025 fulgens,
458 2949 598 3025 cristaque
611 2948 740 3005 hirsutus
754 2948 864 3023 equina.

140 3029 186 3086 Sic
201 3049 314 3086 cursum
327 3028 358 3085 in
372 3028 479 3086 medios
492 3029 606 3104 rapidus
619 3028 707 3086 dedit.
747 3027 866 3086 AEstuat
879 3026 979 3105 ingens

139 3108 207 3166 Uno
220 3108 251 3164 in
265 3107 347 3166 corde
360 3108 459 3184 pudor,
473 3108 619 3183 mixtoque
631 3107 742 3166 insania
753 3107 844 3178 luctu,

142 3187 199 3264 [Et
213 3187 308 3245 Furiis
322 3187 448 3263 agitatus
462 3207 549 3256 amor,
563 3191 593 3246 et
607 3187 718 3245 conscia
730 3187 823 3244 virtus
832 3185 854 3264 3]

139 3269 238 3342 Atque
250 3267 297 3325 hic
310 3267 422 3325 AEnean
436 3287 540 3344 magna
551 3271 597 3325 ter
609 3287 677 3326 voce
689 3267 811 3325 vocavit.
934 3317 936 3322 .

140 3347 404 3424 AEneas—agnovit
417 3347 672 3423 enim—laetusque
685 3351 835 3423 precatur:

140 3426 213 3484 “Sic
226 3430 308 3503 pater
320 3427 367 3484 ille
381 3426 465 3484 deum
478 3426 571 3498 faciat,
586 3427 625 3485 sic
639 3428 713 3484 altus
727 3426 848 3503 Apollo!

140 3506 265 3583 Incipias
279 3507 404 3565 conferre
417 3507 564 3564 manum.’'

141 3586 269 3644 Tantum
282 3587 392 3656 effatus,
407 3589 436 3644 et
448 3586 552 3651 infesta
566 3584 643 3643 subit
656 3585 756 3643 obvius
769 3585 860 3642 hasta.

141 3666 195 3724 Ille
209 3670 322 3726 autem:
343 3670 360 3697 “
372 3665 448 3737 Quid
460 3685 505 3722 me
519 3667 625 3743 erepto,
638 3665 799 3734 saevissime,
812 3665 881 3720 nato

142 3745 266 3805 Terres?
286 3746 347 3804 haec
359 3744 407 3802 via
421 3745 480 3803 sola
491 3745 557 3815 fuit,
571 3764 627 3820 qua
639 3745 753 3820 perdere
767 3763 871 3820 posses.

141 3825 205 3884 Nec
217 3828 340 3884 mortem
353 3824 509 3895 horremus,
522 3844 574 3883 nec
588 3824 686 3880 divum
699 3823 840 3901 parcimus
853 3821 914 3879 ulli.

137 3904 262 3962 Desine:
274 3905 338 3980 jam
353 3904 436 3962 venio
449 3904 619 3979 moriturus,
632 3908 663 3965 et
674 3905 741 3964 baec
753 3903 814 3964 tibi
822 3908 912 3984 parto

124 3981 211 4038 Dona
220 3982 311 4057 prius.
320 3983 339 4008 ”
379 3985 475 4060 Dixit,
490 3987 645 4069 telumque
659 3987 786 4051 intorsit
797 3986 994 4055 inlibatam,
