2446 4260
140 221 201 281 334
441 234 468 275 r.
482 192 622 275 vraomn
635 231 777 276 mom

141 378 315 455 Intorquens
324 375 451 456 jaculum
464 374 599 434 clamanti
612 374 689 433 sistit
703 375 734 432 in
747 395 804 434 ore.

141 458 188 517 Tu
201 477 320 534 quoque,
333 457 485 515 flaventem
498 457 589 533 prima
601 455 736 532 lanugine
748 455 837 513 malas

141 537 222 596 Dum
235 536 357 612 sequeris
372 534 500 614 Clytium
513 535 618 606 infelix,
631 555 706 593 nova
718 535 830 612 gaudia,
845 534 956 613 Cydon,

142 617 293 676 Dardanos
305 618 413 673 stratus
426 615 534 687 dextra,
547 634 660 673 securus
674 635 812 687 amorum,

143 697 200 769 Qui
209 697 348 775 juvenum
360 695 415 753 tibi
428 714 538 771 semper
551 697 640 765 erant,
654 695 811 753 miserande
821 694 949 772 jaceres:

142 776 185 834 Ni
198 777 319 834 fratrum
333 775 440 851 stipata
452 774 552 832 cohors
565 774 639 832 foret
652 775 743 846 obvia
759 775 864 832 Phorci

144 856 306 933 Progenies,
320 857 429 932 septem
441 873 569 925 numero,
582 857 753 931 septenaque
766 855 826 912 tela

144 935 325 1013 Conjiciunt:
345 933 451 1011 partim
464 934 544 1011 galea
557 933 700 1010 clipeoque
713 933 855 992 resultant

144 1015 248 1086 Irrita;
269 1014 382 1072 deflexit
395 1013 501 1090 partim
514 1013 686 1090 stringentia
699 1034 799 1090 corpus

144 1095 230 1152 Alma
243 1094 347 1152 Venus.
388 1093 494 1151 Fidum
506 1093 611 1151 AEneas
625 1094 728 1151 affatm
741 1093 890 1152 Achaten:

145 1178 162 1205 “
173 1173 299 1251 Suggere
312 1174 370 1230 tela
382 1172 551 1230 mihi-non
564 1173 655 1230 ullum
668 1173 783 1231 dextera
795 1174 902 1231 frustra

145 1253 272 1311 Torserit
284 1253 315 1310 in
329 1252 645 1322 Rutilos—stetenmt
659 1273 721 1329 quae
734 1253 765 1310 in
778 1272 892 1330 corpore
907 1251 1029 1311 Graium

145 1333 241 1391 Iliacis
255 1333 390 1409 campis.'’
432 1332 508 1389 Tum
521 1352 656 1409 magnam
669 1332 785 1409 corripit
798 1334 922 1405 hastam,

145 1412 188 1469 Et
197 1412 285 1490 jacit:
306 1412 355 1470 illa
367 1412 465 1470 volans
479 1411 560 1489 clipei
573 1413 782 1470 transverberat
796 1431 853 1470 aera

146 1491 277 1563 Maeonis,
291 1495 321 1550 et
333 1492 451 1549 thoraca
464 1491 548 1549 simul
561 1512 627 1549 cum
640 1495 753 1568 pectore
766 1492 884 1568 rumpit.

146 1570 225 1629 Huic
238 1573 326 1630 frater
339 1572 417 1629 subit
429 1571 561 1641 Alcanor,
574 1571 746 1647 fratremque
760 1575 891 1630 mentem

147 1651 297 1709 Sustentat
311 1651 428 1709 dextra:
449 1650 569 1728 trajecto
583 1650 669 1708 missa
681 1650 787 1708 lacerto

146 1729 283 1789 Protinus
296 1732 381 1788 hasta
393 1731 478 1808 fugit,
492 1733 640 1805 servatque
654 1734 772 1788 cruenta
783 1734 929 1802 tenorem;

146 1809 327 1887 Dexteraque
341 1831 376 1869 ex
388 1810 507 1868 humero
519 1810 612 1867 nervis
626 1810 795 1868 moribunda
807 1810 952 1888 pependit.

146 1889 223 1948 Tum
236 1890 383 1962 Numitor,
392 1889 487 1968 jaculo
499 1889 595 1947 fratris
609 1889 643 1947 de
656 1910 771 1967 corpore
784 1893 875 1968 rapte,

146 1969 258 2028 AEnean
271 1970 372 2048 petiit;
393 1970 442 2028 sed
453 1990 512 2027 non
525 1973 555 2026 et
568 1970 654 2046 figere
667 1970 767 2027 contra

146 2050 204 2108 Est
216 2049 337 2121 licitum,
350 2049 503 2127 magnique
516 2049 609 2106 femur
624 2050 791 2126 perstrinxit
803 2049 931 2108 Achata.

146 2129 206 2187 Hic
220 2128 349 2201 Curibus,
363 2130 452 2187 fidens
465 2129 600 2205 primaevo
614 2149 736 2205 corpore,
751 2128 869 2188 Clausus

146 2209 281 2280 Advenit,
295 2212 325 2267 et
337 2208 429 2285 rigida
441 2208 588 2285 Dryopem
606 2208 672 2266 ferit
685 2210 795 2267 eminus
808 2209 893 2266 hasta

147 2288 206 2345 Sub
219 2291 357 2359 mentum,
371 2287 496 2364 graviter
509 2307 611 2363 pressa,
625 2288 785 2365 pariterque
797 2288 939 2365 loquentis

146 2367 253 2425 Vocem
267 2367 444 2442 animamque
457 2368 532 2442 rapit
545 2369 664 2444 trajecto
679 2373 796 2445 gutture
807 2394 813 2440 ;
834 2372 864 2426 at
877 2369 925 2426 ille

146 2446 254 2505 Fronte
267 2446 333 2504 ferit
346 2451 460 2517 terram,
475 2452 504 2504 et
518 2467 643 2504 crassum
655 2449 747 2505 vomit
761 2469 807 2506 ore
821 2469 958 2506 cruorem.

146 2526 215 2584 Tres
230 2546 339 2602 quoque
354 2526 500 2584 Threicios
514 2527 612 2585 Boreae
627 2528 661 2584 de
675 2532 761 2605 gente
774 2548 913 2606 suprema,

145 2606 188 2663 Et
201 2610 268 2679 tres,
282 2627 351 2684 quos
365 2606 432 2664 Idas
446 2611 527 2683 pater
540 2610 569 2664 et
582 2607 675 2683 patria
688 2608 798 2666 Ismara
809 2608 913 2680 mittit,

146 2685 202 2744 Per
215 2688 306 2744 varios
321 2687 423 2744 sternit
437 2707 525 2744 casus
567 2687 699 2745 Accurrit
713 2688 838 2745 Halesus

144 2766 339 2842 Auruncaeque
353 2787 469 2838 manus;
490 2768 568 2825 subit
582 2770 611 2824 et
625 2767 773 2842 Neptunia
785 2767 885 2843 proles,

145 2844 271 2922 Insignis
286 2847 435 2922 Messapus
449 2847 535 2922 equis.
576 2847 724 2922 Expellere
737 2848 862 2904 tendunt

145 2923 233 2982 Nunc
248 2926 287 2997 hi,
301 2947 377 2984 nunc
390 2926 448 2997 illi;
469 2929 595 2984 certatur
607 2927 704 2984 limine
717 2927 747 2984 in
761 2926 822 3003 ipso

145 3004 291 3062 Ausoniae.
332 3006 441 3082 Magno
455 3005 594 3063 discordes
610 3007 716 3064 aethere
729 3007 809 3064 venti

144 3083 250 3142 Proelia
263 3104 315 3142 ceu
327 3085 435 3142 tollunt
449 3085 550 3143 animis
564 3091 594 3142 et
607 3086 713 3144 viribus
728 3086 831 3161 acquis;

143 3163 213 3221 Non
226 3165 280 3241 ipsi
294 3164 369 3221 inter
383 3185 420 3235 se,
434 3185 491 3222 non
505 3165 610 3236 nubila,
624 3186 681 3222 non
695 3187 772 3223 mare
786 3167 907 3235 cedunt3

144 3244 257 3320 Anceps
270 3265 367 3321 pugna
380 3244 445 3315 diu;
466 3248 545 3302 stant
559 3244 672 3316 obnixi,
693 3247 788 3304 omnia
801 3248 908 3304 contra.

144 3323 233 3381 Haud
246 3324 329 3382 aliter
342 3324 470 3400 Trojanae
485 3325 556 3382 acies
570 3325 697 3401 aciesque
711 3326 822 3383 Latinae

145 3402 325 3461 Concurrunt
336 3429 342 3476 ;
362 3404 451 3461 haeret
464 3404 534 3481 pede
549 3425 606 3481 pes,
620 3405 778 3482 densusque
791 3407 853 3464 viro
866 3404 918 3461 vir.

183 3483 225 3541 At
239 3487 319 3560 parte
333 3504 366 3541 ex
380 3483 443 3554 alia,
457 3504 513 3560 qua
526 3505 592 3542 saxa
604 3486 730 3542 rotantia
743 3486 800 3543 late

144 3562 303 3639 Impulerat
316 3567 426 3621 torrens
440 3565 609 3641 arbustaque
623 3565 716 3622 diruta
731 3565 807 3641 ripis,

143 3643 278 3714 Arcadas,
291 3643 417 3701 insuetos
431 3643 503 3701 acies
516 3644 617 3701 inferre
631 3645 783 3721 pedestres,

145 3721 189 3779 Ut
202 3722 275 3780 vidit
289 3723 383 3780 Pallas
396 3722 481 3780 Latio
495 3724 560 3781 dare
573 3727 655 3800 terga
669 3725 779 3801 sequaci
790 3749 796 3795 ;

141 3802 252 3881 Aspera
265 3803 343 3882 queis
356 3806 460 3861 natura
471 3803 528 3862 loci
544 3803 689 3862 dimittere
703 3804 815 3880 quando

136 3884 236 3945 Suasit
251 3906 360 3965 equos:
379 3905 475 3944 unum
488 3884 567 3962 quod
576 3884 664 3940 relius
673 3887 768 3938 restat
779 3882 888 3955 egenis,
925 3954 932 3966 .

129 3969 166 4029 N
165 3991 225 4031 unc
239 3991 339 4050 prece,
353 3989 436 4030 nunc
451 3966 541 4027 dictis
550 3963 700 4024 uirtutem
710 3958 843 4015 accondit
853 3972 975 4009 ‘mm'-
