2370 4260
447 240 588 284 MDOS
601 240 664 284 mn.
678 241 700 283 1.

109 377 168 442 Sive
180 385 308 442 extrema
321 382 391 460 pati,
403 403 455 442 nee
464 383 526 461 jam
538 384 668 443 exaudire
681 388 806 444 vocatos

115 457 246 541 Pracipue
259 463 324 541 pius
337 463 450 536 AEneas,
464 484 540 522 nuno
553 465 624 522 acris
638 464 749 537 Oronti,

119 537 190 601 Nunc
202 543 307 622 Amyci
321 563 417 601 casum
429 544 521 620 gemit
534 548 564 602 et
578 544 701 603 crudelia
714 566 809 603 secum

124 616 183 680 lata
192 624 271 702 Lyci,
284 623 443 700 fortemque
457 623 550 700 Gyan,
563 624 721 702 sortemque
736 624 918 684 Cloanthum.

154 701 188 760 Et
195 706 254 781 jam
266 703 332 761 finis
346 706 425 761 erat:
446 723 535 780 quum
549 703 665 781 Jupiter
677 705 782 763 aethere
796 725 906 764 summo

95 782 99 797 '
131 776 267 858 Respiciens
280 803 358 841 mare
370 783 525 841 velivolum
537 786 682 861 terrasque
690 784 827 861 jacentes,

95 864 100 887 '·
133 855 257 940 litoraque
270 866 300 921 et
313 863 386 920 latos
400 863 527 940 populos,
541 863 580 922 sic
593 864 699 922 vertice
712 864 776 922 coeli

134 936 251 1014 Constitit,
264 945 295 1001 et
309 942 407 1020 Libye
420 942 519 1000 defixit
531 942 640 1001 lumina
651 944 755 1022 regnis.

131 1018 203 1096 Atque
214 1022 292 1080 illum
305 1022 377 1080 tales
387 1022 546 1100 jactantem
558 1025 672 1099 pectore
686 1044 775 1096 curas,

130 1094 227 1159 Tristior
238 1105 267 1160 et
279 1101 403 1160 lacrimis
417 1103 512 1160 oeulos
525 1103 632 1160 suffusa
643 1103 769 1162 nitentes

129 1177 266 1257 Alloquitm
278 1182 392 1240 Venus:
414 1182 465 1240 “O
479 1182 584 1259 quires
597 1183 800 1260 hominumque
814 1184 953 1262 deumque

126 1255 230 1318 AEternis
242 1261 316 1340 regis
328 1261 462 1338 imperiis,
476 1265 506 1320 et
518 1261 637 1320 fulmine
649 1266 748 1334 terres,

127 1334 186 1407 Quid
195 1361 268 1399 meus
282 1341 387 1400 AEneas
400 1341 431 1398 in
443 1345 474 1400 te
484 1342 663 1401 committere
675 1345 799 1414 tantum,

126 1413 186 1486 Quid
196 1420 279 1480 Trois
293 1424 418 1499 potuere,
432 1421 542 1499 quibus,
555 1425 602 1480 tot
615 1422 714 1480 funera
726 1422 824 1499 passis,

125 1492 230 1558 Cunetus
243 1502 278 1560 ob
293 1501 410 1560 Italiam
421 1505 562 1560 terrarum
575 1501 716 1560 clauditur
729 1503 828 1562 orbis?

126 1571 192 1636 Certe
202 1579 265 1639 hinc
278 1581 424 1640 Romanos
437 1581 513 1654 olim,
526 1581 706 1640 volventibus
719 1583 809 1654 annis,

126 1649 187 1716 Hinc
198 1660 252 1719 fore
265 1661 405 1734 ductores,
418 1665 550 1720 revocato
563 1681 581 1719 a
593 1661 730 1739 sanguine
744 1662 854 1735 Teucri,

127 1731 171 1803 Qffl'
179 1759 255 1813 mare,
270 1741 319 1818 qui
331 1743 421 1800 terras
435 1741 513 1799 omni
525 1741 632 1800 ditione
645 1743 785 1813 tenerent,

128 1808 266 1878 Polieitus:
288 1840 351 1898 quae
364 1824 403 1893 te,
417 1821 537 1898 genitor,
551 1820 693 1880 sententia
705 1822 793 1880 vertit
804 1821 817 1880 Ρ

129 1887 177 1953 Hoc
187 1900 311 1976 equidem
324 1921 454 1959 occasum
468 1900 559 1979 Trojae
572 1901 725 1979 tristesque
737 1901 833 1959 ruinas

130 1969 226 2051 Solon,
238 1980 306 2038 fatis
319 1981 461 2038 contraria
472 1980 533 2039 fata
545 1981 708 2057 rependens.

130 2047 192 2115 Nunc
203 2061 298 2119 eadem
310 2060 427 2118 fortuna
438 2060 513 2119 viros
526 2063 573 2118 tot
586 2060 696 2119 casibus
710 2063 789 2119 actos

130 2126 273 2214 Insequitur.
315 2140 407 2211 Quem
421 2140 470 2197 das
484 2141 578 2212 finem,
591 2160 641 2198 rex
653 2159 765 2218 magne,
778 2139 931 2198 laborum?

130 2211 230 2277 Antenor
241 2219 347 2297 potuit,
360 2220 459 2278 mediis
472 2219 582 2296 elapsus
595 2219 721 2292 Achivis,

131 2287 229 2370 Illyricos
241 2303 390 2376 penetrare
402 2299 479 2357 sinus
493 2302 578 2377 atque
590 2299 694 2357 intima
705 2302 789 2357 tutus

130 2366 204 2451 Regna
214 2378 415 2450 Liburnorum,
428 2383 457 2438 et
471 2379 581 2437 fontem
594 2399 724 2455 superare
737 2379 858 2450 Timavi,

130 2447 189 2515 Unde
199 2479 247 2536 per
259 2479 310 2518 ora
321 2479 424 2517 novem
437 2463 518 2517 vasto
531 2479 596 2516 oum
609 2478 754 2517 murmure
766 2459 873 2516 montis

129 2527 149 2587 st
157 2554 224 2596 mare
236 2542 415 2616 proruptum,
429 2542 458 2597 et
471 2539 571 2616 pelago
584 2538 689 2615 premit
703 2558 770 2596 arva
784 2537 905 2596 sonanti.

129 2607 167 2672 Hie
176 2620 269 2677 tamen
281 2619 329 2676 ille
341 2619 441 2676 urbem
455 2618 557 2677 Patavi
570 2618 704 2695 sedesque
716 2618 821 2675 locavit

129 2688 281 2770 Teucrorum,
294 2701 325 2757 et
338 2698 419 2776 genti
430 2718 535 2756 nomen
548 2696 636 2769 dedit,
650 2717 782 2774 armaque
795 2697 859 2755 fixit

129 2768 202 2849 licta3
220 2798 296 2836 nuno
310 2778 419 2855 placida
432 2780 594 2855 compostus
607 2797 675 2855 pace
689 2777 824 2854 quiescit:

128 2847 177 2927 Nos,
187 2860 235 2916 tua
247 2858 405 2936 progenies,
418 2857 481 2916 coeli
495 2857 596 2935 quibus
610 2857 711 2915 annuis
724 2876 825 2927 arcem,

129 2927 237 3009 Navibus,
249 2938 415 2995 infandum!
436 2937 554 3009 remissie,
567 2937 651 2994 unius
665 2937 701 2995 ob
714 2935 787 2993 iram

129 3006 259 3088 prodimur,
273 3022 359 3094 atque
372 3016 456 3075 Italis
468 3017 553 3094 longe
567 3016 755 3094 disjungimur
769 3015 833 3074 oris.

129 3086 168 3149 Hie
178 3097 286 3172 pietatis
298 3095 414 3155 honos?
435 3097 475 3154 sic
488 3117 540 3154 nos
552 3096 583 3153 in
596 3099 708 3173 sceptra
719 3095 855 3172 reponis?

154 3171 200 3232 Olli
210 3177 356 3236 subridens
368 3176 519 3234 hominum
531 3179 608 3234 sator
622 3178 707 3252 atque
721 3175 838 3234 deorum

128 3244 196 3312 lultu
207 3277 259 3334 quc
273 3257 376 3315 ooelum
389 3259 629 3333 tempestatesque
642 3258 762 3326 serenat,

129 3325 205 3392 Oscula
215 3336 315 3395 libavit
328 3339 404 3394 natae
414 3361 421 3408 3
442 3336 545 3394 dehinc
558 3335 628 3394 talia
639 3335 732 3393 satur:

129 3407 215 3472 “Parce
227 3419 314 3488 metu,
329 3416 488 3494 Cytherea3
508 3419 626 3473 manent
638 3415 759 3472 immota
770 3416 886 3472 tuorum

128 3484 183 3548 Fata
192 3495 258 3567 tibi3
279 3515 375 3554 cernes
388 3496 489 3554 urbem
502 3498 532 3553 et
544 3494 683 3572 promissa
695 3493 798 3552 Lavini

127 3563 216 3645 Moenia,
228 3576 432 3653 sublimemque
445 3575 517 3633 feres
531 3575 568 3633 ad
580 3574 672 3632 sidera
685 3573 749 3631 coeli

128 3642 318 3726 Magnanimum
331 3655 460 3727 AEnean;
479 3675 571 3731 neque
584 3673 630 3712 me
644 3652 788 3712 sententia
800 3651 897 3709 vertit.

127 3721 251 3792 Hic—tibi
262 3736 343 3794 fabor
355 3735 441 3806 enim,
455 3734 567 3811 quando
580 3733 640 3791 haec
653 3736 684 3791 te
698 3752 765 3790 cura
777 3731 927 3800 remordet,

128 3800 230 3886 Longius
242 3818 271 3873 et
283 3816 400 3874 volvens
413 3815 536 3872 fatorum
550 3832 653 3872 aroana
665 3812 827 3872 movebo-

126 3879 211 3945 Bellm
220 3894 317 3967 mgens
325 3896 411 3967 geret
420 3892 516 3964 Italia,
527 3894 713 3974 populosque
725 3895 837 3956 feroees

113 3956 260 4037 &mrtem
275 3987 425 4044 moresque
439 3971 508 4030 vrir's
521 3977 556 4033 et
566 3977 682 4038 moenia
695 3984 802 4060 ponet,
