2446 4260
469 118 610 162 muros
624 119 686 162 LIB.
701 119 745 162 Π.

137 255 212 330 Quid
224 256 341 317 miseros
353 258 440 318 toties
453 259 484 318 in
497 264 595 338 aperta
606 262 730 340 pericula
742 263 817 322 cives

135 337 263 414 Projicis,
277 358 294 396 o
308 338 393 397 Latio
406 349 491 417 caput
503 341 607 400 horum
621 346 651 401 et
663 363 747 402 causa
759 340 923 402 malorum?

134 416 225 475 Nulla
238 418 312 476 salus
325 418 415 477 bello:
436 440 533 496 pacem
546 425 576 480 te
589 423 731 499 poscimus
744 443 850 495 omnes,

134 495 241 569 Turne,
256 498 342 555 simul
354 498 430 575 pacis
444 502 536 559 solum
548 501 709 561 inviolabile
722 503 835 581 pignus.

135 576 251 634 Primus
265 598 327 655 ego,
341 577 464 637 invisum
478 601 563 656 quem
575 585 611 639 tu
623 582 679 640 tibi
691 582 785 660 fingis,
799 585 829 640 et
842 602 904 641 esse

133 655 189 713 Nil
201 677 304 728 moror,
318 678 353 716 en
367 659 483 736 supplex
496 659 588 719 venio.
628 661 764 720 Miserere
777 665 904 735 tuorum,

133 733 216 794 Pone
230 737 347 808 animos,
361 741 390 796 et
403 738 503 815 pulsus
516 739 571 797 abi.
611 740 663 799 Sat
676 742 775 800 funera
787 743 844 800 fusi

132 813 276 888 Vidimus,
289 816 420 894 ingentes
434 821 463 876 et
477 819 664 877 desolavimus
678 841 769 898 agros.

133 895 200 952 Aut
213 895 238 952 si
249 896 325 954 fama
338 900 443 969 movet,
457 897 481 954 si
493 901 609 956 tantum
622 903 736 976 pectore
748 901 836 960 robur

134 973 277 1052 Concipis,
291 979 321 1035 et
334 976 359 1033 si
372 978 441 1035 adeo
454 976 556 1035 dotalis
569 979 648 1055 regia
661 981 738 1038 cordi
750 985 794 1039 est
805 1005 811 1053 ;

134 1054 229 1126 Ande,
243 1057 328 1133 atque
341 1056 490 1115 adversum
503 1057 592 1116 fidens
605 1059 647 1117 fer
660 1064 760 1136 pectus
773 1061 805 1118 in
816 1061 940 1119 hostem.

135 1133 259 1206 Scilicet,
273 1139 306 1193 ut
321 1136 418 1194 Turno
432 1136 581 1214 contingat
594 1142 673 1215 regia
686 1139 796 1218 conjux,

137 1212 211 1285 NoS,
225 1215 325 1273 animae
338 1216 416 1288 viles,
429 1216 580 1275 inhumata
592 1217 744 1295 infletaque
757 1220 850 1291 turba,

137 1292 304 1352 Stemamur
317 1297 431 1373 campis.
472 1297 514 1354 Et
523 1297 585 1374 jam
597 1300 640 1370 tu,
654 1298 679 1356 si
692 1319 748 1375 qua
759 1299 812 1357 tibi
826 1298 878 1370 vis,

137 1372 267 1524 {iperii
280 1375 350 1451 quid
362 1376 468 1434 Martis
481 1376 577 1451 habes,
590 1377 674 1435 illum
687 1379 779 1456 aspice
792 1382 900 1450 contra,

164 1453 194 1510 ui
206 1455 320 1512 vocat.''

177 1532 294 1592 Talibus
307 1535 411 1593 exarsit
425 1536 508 1595 dictis
521 1535 657 1596 violentia
669 1536 776 1610 Turni;

137 1610 198 1670 Dat
211 1613 361 1690 gemitum,
374 1616 537 1694 rumpitque
550 1616 602 1675 has
615 1617 673 1675 imo
686 1622 799 1694 pectore
811 1636 910 1676 voces:

138 1692 259 1771 “Larga
272 1694 395 1771 quidem,
409 1695 530 1768 Drance,
544 1716 653 1774 semper
665 1697 721 1756 tibi
734 1698 815 1774 copia
826 1697 904 1755 sandi

138 1771 222 1846 Tum,
237 1795 326 1850 quum
337 1775 411 1832 bella
424 1795 525 1834 manus
536 1780 659 1853 poscunt
669 1802 676 1850 ;
695 1777 879 1854 patribusque
890 1777 999 1836 vocatis

137 1851 253 1911 Primus
267 1855 341 1913 ades.
382 1855 438 1913 Sed
450 1876 509 1914 non
522 1856 655 1932 replenda
667 1860 712 1915 est
725 1857 802 1915 curia
814 1857 916 1929 verbis,

138 1932 209 2004 Quae
221 1937 288 1992 tuto
301 1935 356 1993 tibi
369 1955 474 2012 magna
486 1936 593 2007 volent,
608 1936 676 1994 dum
690 1936 808 1995 distinet
821 1935 935 1995 hostem

137 2013 238 2091 Agger
249 2035 412 2086 moerorum,
426 2035 477 2074 nec
490 2015 631 2073 inundant
645 2017 782 2093 sanguine
795 2017 886 2074 fossae.

138 2092 263 2152 Proinde
276 2097 346 2152 tona
359 2095 634 2170 eloquio-solitum
647 2095 718 2167 tibi;
738 2116 839 2174 meque
852 2094 964 2155 timoris

138 2172 236 2250 Argue
249 2176 292 2246 tu,
306 2174 427 2244 Drance,
441 2175 553 2250 quando
565 2179 613 2234 tot
626 2175 730 2253 stragis
744 2196 857 2234 acervos

139 2251 313 2312 Teucrorum
326 2257 378 2312 tua
391 2255 490 2312 dextra
504 2254 590 2327 dedit,
604 2256 763 2332 passimque
776 2256 891 2334 tropaeis

137 2331 265 2410 Insignis
278 2354 370 2411 agros.
410 2332 507 2392 Possit
520 2335 589 2411 quid
600 2335 696 2393 vivida
708 2336 809 2408 virtus,

138 2411 293 2489 Experiere
306 2415 389 2472 licet:
410 2432 462 2471 nec
474 2413 559 2490 longe
572 2413 679 2472 scilicet
692 2415 789 2473 hostes

138 2491 291 2563 Quaercndi
304 2493 385 2552 nobis
397 2517 403 2565 ;
424 2492 610 2551 circumstant
622 2494 747 2569 undique
759 2514 865 2552 muros.

138 2570 220 2630 Imus
232 2572 264 2630 in
277 2571 431 2632 adversos?
452 2572 521 2650 quid
534 2570 649 2631 cessas?
670 2593 706 2630 an
719 2572 774 2631 tibi
787 2573 905 2631 Mavors

137 2650 265 2710 Ventosa
277 2653 308 2710 in
321 2653 421 2731 lingua
434 2653 606 2731 pedibusque
619 2652 766 2730 fugacibus
779 2652 843 2710 istis

138 2730 254 2808 Semper
267 2731 345 2792 erit?

138 2809 244 2869 Pulsus
258 2832 311 2889 ego
323 2811 337 2872 P
357 2815 408 2870 aut
422 2813 570 2890 quisquam
583 2811 694 2884 merito,
707 2811 868 2883 foedissime,
881 2810 996 2889 pulsum

138 2890 260 2968 Arguet,
274 2892 362 2951 Iliaco
375 2892 519 2950 tumidum
533 2892 582 2969 qui
595 2912 716 2950 crescere
729 2891 871 2969 Thybrim

139 2969 292 3047 Sanguine,
306 2976 336 3030 et
349 2972 477 3030 Evandri
489 2975 584 3031 totam
597 2992 663 3029 oum
676 2972 764 3049 stirpe
776 2971 885 3030 videbit

138 3048 327 3110 Procubnisse
339 3051 466 3123 domum,
480 3055 566 3129 atque
579 3054 681 3110 exutos
694 3052 818 3110 Arcadas
832 3048 941 3110 armis?

138 3128 229 3186 Haud
242 3130 283 3188 ita
296 3151 342 3189 me
356 3131 463 3208 experti
478 3131 571 3190 Bitias
585 3134 615 3189 et
629 3131 775 3190 Pandarus
788 3132 898 3210 ingens,

138 3207 181 3266 Et
196 3229 266 3286 quos
279 3210 357 3269 mille
370 3210 415 3269 die
428 3210 521 3269 victor
533 3212 586 3270 sub
599 3211 719 3269 Tartara
732 3211 805 3284 misi,

138 3287 272 3347 Inclusus
285 3291 374 3348 muris
387 3290 541 3368 hostilique
554 3310 657 3368 aggere
671 3293 777 3368 septus.

137 3367 170 3425 N
170 3368 228 3426 ulla
241 3370 315 3428 salus
327 3371 411 3429 bello.
452 3369 547 3447 Capiti
560 3391 628 3429 cane
640 3370 710 3429 talia
723 3370 837 3429 demens

138 3447 294 3522 Dardanio,
307 3451 446 3527 rebusque
459 3451 526 3508 tuis.
567 3449 691 3508 Proinde
704 3451 800 3509 omnia
812 3469 916 3526 magno

137 3527 170 3585 N
171 3549 186 3587 e
199 3549 277 3587 cessa
289 3531 404 3589 turbare
417 3533 506 3602 metu,
520 3532 606 3607 atque
619 3530 753 3588 extollere
765 3530 839 3587 vires

138 3607 242 3667 Gentis
255 3609 299 3667 bis
312 3610 411 3680 victae3
431 3614 531 3669 contra
542 3629 668 3686 premere
682 3628 761 3666 arma
773 3607 879 3666 Latini.

137 3687 170 3745 N
170 3709 226 3748 unc
239 3692 269 3748 et
283 3689 501 3766 Myrmidonum
513 3709 641 3766 proceres
655 3688 784 3765 Phrygia
797 3707 874 3745 arma
887 3687 1066 3760 tremiscunt,

138 3767 226 3828 Nunc
240 3771 270 3828 et
284 3769 416 3846 Tydides,
430 3772 460 3827 et
473 3769 631 3829 Larissaeus
645 3767 791 3841 Achillem

130 3848 236 3905 Amnis
249 3851 281 3907 et
291 3848 454 3909 Hadriacas
467 3852 548 3912 retro
556 3850 638 3933 fugit
653 3850 783 3912 huhdus
794 3848 906 3910 undas.
