2446 4260
136 209 194 272 172
439 225 620 270 armerum
633 226 775 270 morus

136 368 281 448 Oonjugis‚
294 370 325 428 et
337 389 447 447 sparsos
460 369 586 428 fraterna
598 369 674 427 caede
686 373 812 446 penates,

135 450 217 508 Solus
229 449 277 507 hic
289 449 399 508 inflexit
412 469 519 520 sensus,
532 449 714 525 animumque
726 449 872 508 labantem

134 528 273 606 Impulit:
293 549 415 607 agnosco
428 529 531 587 veteris
544 528 666 606 vestigia
677 528 808 587 ilammae.

136 609 192 667 Sed
204 608 277 666 mihi
289 608 334 667 vel
346 609 431 667 tellus
444 612 542 685 optem
554 608 632 685 prius
645 608 703 666 ima
716 608 853 681 dehiscat,

135 687 189 747 Vel
201 690 283 765 pater
295 688 474 766 omnipotens
487 688 584 766 adigat
598 707 644 746 me
657 687 777 747 fulmine
790 689 826 747 ad
839 689 963 762 umbras,

135 767 278 826 Pallentes
291 769 406 826 umbras
420 768 507 827 Erebi
519 771 689 844 noctemque
702 767 881 844 profundam,

134 847 221 920 Ante,
235 847 341 920 Pudor,
355 867 441 924 quam
453 851 484 906 te
497 847 581 918 violo,
595 851 646 905 ant
659 847 732 906 tua
720 868 788 925 Jura
800 849 920 908 resolvo.

136 926 192 985 Ille
204 947 282 986 meos
284 927 413 1005 ,primus
426 928 475 1005 qui
488 947 534 986 me
548 893 601 985 sibi
611 928 717 1006 junxit,
731 947 842 986 amores

136 1007 283 1080 Abstulit;
302 1007 349 1066 ille
362 1007 465 1065 habeat
479 1027 574 1065 secum
588 1010 735 1084 servetque
749 1006 906 1085 sepulcross’

136 1085 183 1144 Sic
196 1086 316 1145 effata
294 1106 388 1144 smum
401 1086 523 1145 lacrimis
536 1086 666 1163 implevit
679 1087 796 1145 obortis.

175 1165 261 1224 Anna
272 1165 404 1226 ιοιοιιει
406 1167 447 1224 ‘0
460 1167 522 1225 luce
535 1166 627 1244 magis
639 1166 745 1226 dilecta
757 1165 854 1238 sorori,

136 1244 237 1304 Solane
285 1249 386 1324 rpetua
397 1265 517 1305 maerens
530 1266 642 1323 carpere
649 1244 796 1324 juventa?

136 1324 199 1384 Nec
212 1265 308 1384 duldes
321 1329 413 1398 natos,
426 1325 544 1384 Veneris
557 1345 609 1384 nec
622 1325 741 1403 praemia
752 1323 854 1385 noris?

136 1403 210 1461 Id
187 1424 308 1464 eruerem
323 1409 373 1464 aut
386 1425 483 1464 manes
497 1405 585 1464 credis
598 1424 695 1465 curare
709 1403 859 1498 sepultos?

136 1483 227 1543 Esto:
247 1503 354 1562 aegram
366 1485 438 1542 nulli
451 1485 593 1562 quondam
605 1486 706 1544 flexere
719 1484 824 1556 mariti,

136 1562 206 1622 Non
219 1563 328 1643 Libyae,
341 1585 400 1622 non
413 1568 480 1624 ante
493 1565 586 1643 Τιιιη
607 1564 755 1641 despectus
769 1563 876 1636 Iarbas,

136 1642 333 1722 Ductoresque
346 1645 394 1702 alii
395 1665 486 1722 ,quos
499 1644 596 1702 Africa
608 1647 685 1702 terra
697 1643 851 1721 triumphis

137 1722 226 1782 Dives
239 1723 308 1783 alit:
328 1690 468 1802 placitone
482 1723 569 1782 etiam
582 1723 722 1800 pugnabis
735 1722 848 1782 amori?

137 1801 201 1862 Nec
213 1803 336 1862 venitm
349 1807 484 1875 mentem,
498 1823 619 1879 quorum
631 1802 788 1861 consederis
802 1801 900 1863 arvis?

138 1881 217 1941 Hinc
231 1882 353 1942 Gaetulae
365 1884 457 1955 urbes,
471 1903 561 1960 genus
573 1882 761 1959 insuperabile
773 1882 856 1954 bello,

137 1961 180 2020 Et
193 1962 329 2021 Numidae
341 1963 444 2021 infreni
457 1963 586 2040 cingrmt,
600 1965 629 2020 et
642 1962 787 2039 inhospita
800 1927 911 2041 Syitis3

137 2041 218 2100 Hinc
231 2042 342 2101 deserta
354 2043 404 2101 siti
416 2041 502 2120 regio,
515 2042 627 2118 lateque
640 2042 765 2100 furentes

138 2120 256 2180 Barcaei.
297 2122 373 2194 Quid
385 2122 459 2180 bella
471 2122 549 2199 Tyro
559 2122 706 2199 surgentia
718 2120 811 2179 dicam

138 2200 328 2278 Germanique
341 2202 433 2260 minas
444 2200 457 2260 P

138 2280 192 2338 Dis
206 2281 335 2357 equidem
348 2281 507 2358 auspicibus
520 2300 584 2338 reor
596 2283 626 2338 et
640 2279 662 2336 J
662 2299 755 2338 unone
769 2279 892 2338 secunda

138 2359 226 2418 Hunc
240 2380 354 2417 cursum
367 2360 468 2418 Iliacas
481 2363 568 2419 vento
581 2359 706 2418 tenuisse
719 2359 835 2418 carulas.

138 2439 231 2511 Quam
244 2443 279 2497 tu
291 2440 399 2511 urbem,
413 2460 499 2512 soror,
512 2441 586 2498 hanc
599 2459 703 2511 cernes,
718 2459 781 2515 quae
794 2457 909 2516 surgere
921 2458 1011 2517 regna

139 2517 279 2598 Oonjugio
292 2520 359 2578 tali!
381 2520 522 2579 Teucrum
535 2519 738 2578 comitantibus
752 2518 846 2591 armis,

138 2598 248 2658 Punica
260 2620 290 2658 se
303 2600 418 2676 quantis
432 2599 547 2658 attollet
560 2598 650 2676 gloria
663 2599 762 2656 rebus!

138 2677 185 2735 Τιι
197 2679 281 2738 modo
294 2700 377 2757 posce
391 2680 458 2738 deos
471 2679 582 2737 veniam
585 2678 741 2754 ‚sacrisque
753 2676 846 2735 litatis

139 2758 262 2836 Indulge
275 2759 408 2836 hospitio,
422 2778 574 2834 causasque
587 2758 699 2816 innecte
712 2756 858 2827 morandi3

138 2837 219 2895 Dum
231 2839 330 2917 pelago
344 2839 461 2898 desaevit
473 2839 565 2898 hiems
578 2841 608 2896 et
622 2857 742 2914 aquosus
756 2835 852 2907 Orion,

139 2917 340 2995 Quassatoeqne
353 2922 437 2991 rates,
451 2919 520 2976 dum
532 2938 590 2976 non
603 2916 751 2975 tractabile
765 2913 897 2974 eoelumss’

139 2996 197 3055 His
210 2997 315 3056 dictis
306 3018 454 3057 mcensum
467 2998 594 3057 animum
606 2995 795 3055 inflammavit
808 3014 911 3066 amore,

70 3120 75 3132 .
123 3149 127 3158 ι
139 3076 279 3154 Spemque
292 3078 372 3136 dedit
385 3079 479 3137 dubiae
491 3077 591 3149 menti,
605 3077 746 3152 solvitque
759 3075 905 3152 pudorem

179 3156 323 3234 Principio
337 3157 452 3217 delubra
465 3159 580 3229 adeunt,
593 3175 746 3234 pacemque
759 3174 809 3231 per
822 3174 885 3212 aras

139 3236 320 3312 Exquirunt:
340 3241 469 3297 mactant
481 3239 569 3297 lectas
583 3237 618 3296 de
631 3256 708 3294 more
720 3235 851 3293 bidentes

139 3315 279 3394 Legiferoe
292 3317 395 3389 Cereri,
410 3318 583 3393 Phoeboque,
597 3315 728 3393 patrique
741 3313 847 3391 Lyae03

139 3395 161 3453 J
161 3416 250 3455 unom
240 3396 330 3456 ante
343 3417 449 3469 omnes,
463 3418 509 3456 cur
501 3397 616 3455 vincla
625 3395 736 3474 jugalia
748 3412 832 3452 curae.

139 3475 216 3553 Ipsa,
229 3479 329 3535 tenens
343 3477 443 3535 dextra
455 3481 592 3554 pateram,
605 3474 801 3564 pulcherrima
807 3472 885 3531 Dido

139 3554 294 3615 candentis
307 3576 400 3615 vaccae
413 3557 506 3615 media
517 3557 593 3614 iuter
605 3575 710 3613 cornua
722 3552 835 3624 fundit3

139 3637 201 3693 Aut
215 3639 282 3694 ante
296 3656 344 3695 ora
357 3637 482 3694 deum
455 3656 575 3714 pingues
589 3635 730 3712 spatiatur
743 3633 780 3691 ad
793 3651 863 3704 aras,

139 3713 343 3792 Instauratque
356 3717 431 3775 diem
444 3717 526 3775 donis
528 3715 742 3805 ,pecudumque
755 3711 871 3771 reclusis

139 3793 307 3853 Pectoribus
321 3796 434 3855 inhians
448 3762 585 3874 spirantia
597 3793 720 3853 consulit
733 3795 807 3851 exta.

136 3873 207 3934 Heu
221 3876 342 3935 vatum
334 3896 444 3957 ignara
455 3876 584 3936 mentesi
603 3873 674 3951 quid
681 3876 754 3930 ιοιι.
762 3872 913 3939 liuentem,

131 3956 210 4033 Quid
223 3958 350 4022 delubra
358 3957 491 4041 Juvanti
530 3952 702 4017 batmolin
711 3914 979 4008 pammenius
