<?xml version="1.0" encoding="UTF-8"?>
<!DOCTYPE html PUBLIC "-//W3C//DTD XHTML 1.0 Transitional//EN"
    "http://www.w3.org/TR/xhtml1/DTD/xhtml1-transitional.dtd">
<html xmlns="http://www.w3.org/1999/xhtml" xml:lang="en" lang="en">
 <head>
  <title>
</title>
<meta http-equiv="Content-Type" content="text/html;charset=utf-8" />
  <meta name='ocr-system' content='tesseract 3.04.00' />
  <meta name='ocr-capabilities' content='ocr_page ocr_carea ocr_par ocr_line ocrx_word'/>
</head>
<body>
  <div class='ocr_page' id='page_1' title='image "./worksfromtexthe00virggoog_0068.png"; bbox 0 0 2446 4260; ppageno 0'>
   <div class='ocr_carea' id='block_1_1' title="bbox 91 172 757 286">
    <p class='ocr_par' dir='ltr' id='par_1_1' title="bbox 91 172 757 286">
     <span class='ocr_line' id='line_1_1' title="bbox 91 172 757 286; baseline -0.002 -27"><span class='ocrx_word' id='word_1_1' title='bbox 91 172 95 283; x_wconf 63' lang='lat' dir='ltr'><strong>&#39;l</strong></span> <span class='ocrx_word' id='word_1_2' title='bbox 333 280 336 286; x_wconf 24' lang='lat'><em>4</em></span> <span class='ocrx_word' id='word_1_3' title='bbox 465 215 757 260; x_wconf 68' lang='lat' dir='ltr'><strong>encaemorum</strong></span> 
     </span>
    </p>
   </div>
   <div class='ocr_carea' id='block_1_2' title="bbox 91 353 972 4091">
    <p class='ocr_par' dir='ltr' id='par_1_2' title="bbox 159 353 939 676">
     <span class='ocr_line' id='line_1_2' title="bbox 197 353 939 436; baseline 0.011 -24"><span class='ocrx_word' id='word_1_4' title='bbox 197 353 251 417; x_wconf 81' lang='lat' dir='ltr'><strong>Vere</strong></span> <span class='ocrx_word' id='word_1_5' title='bbox 262 378 335 418; x_wconf 87' lang='lat' dir='ltr'><strong>novo</strong></span> <span class='ocrx_word' id='word_1_6' title='bbox 337 358 468 436; x_wconf 87' lang='lat' dir='ltr'><strong>,gelidus</strong></span> <span class='ocrx_word' id='word_1_7' title='bbox 481 359 558 418; x_wconf 88' lang='lat' dir='ltr'><strong>canis</strong></span> <span class='ocrx_word' id='word_1_8' title='bbox 572 379 660 436; x_wconf 91' lang='lat' dir='ltr'><strong>quum</strong></span> <span class='ocrx_word' id='word_1_9' title='bbox 674 359 822 418; x_wconf 86' lang='lat' dir='ltr'><strong>montibus</strong></span> <span class='ocrx_word' id='word_1_10' title='bbox 834 360 939 420; x_wconf 90' lang='lat' dir='ltr'><strong>humor</strong></span> 
     </span>
     <span class='ocr_line' id='line_1_3' title="bbox 167 433 846 532; baseline 0.01 -41"><span class='ocrx_word' id='word_1_11' title='bbox 167 433 238 513; x_wconf 85' lang='lat' dir='ltr'><strong>liquit</strong></span> <span class='ocrx_word' id='word_1_12' title='bbox 205 457 278 510; x_wconf 88' lang='lat' dir='ltr'><strong>u1‚ur</strong></span> <span class='ocrx_word' id='word_1_13' title='bbox 291 442 322 497; x_wconf 90' lang='lat' dir='ltr'><strong>et</strong></span> <span class='ocrx_word' id='word_1_14' title='bbox 335 439 460 532; x_wconf 85' lang='lat' dir='ltr'>zephyro</span> <span class='ocrx_word' id='word_1_15' title='bbox 473 440 567 516; x_wconf 87' lang='lat' dir='ltr'><strong>putris</strong></span> <span class='ocrx_word' id='word_1_16' title='bbox 580 460 610 498; x_wconf 84' lang='lat' dir='ltr'><strong>se</strong></span> <span class='ocrx_word' id='word_1_17' title='bbox 623 440 708 517; x_wconf 90' lang='lat' dir='ltr'><strong>gleba</strong></span> <span class='ocrx_word' id='word_1_18' title='bbox 720 440 846 512; x_wconf 86' lang='lat' dir='ltr'><strong>resolvit,</strong></span> 
     </span>
     <span class='ocr_line' id='line_1_4' title="bbox 163 512 863 596; baseline 0.006 -21"><span class='ocrx_word' id='word_1_19' title='bbox 163 512 276 593; x_wconf 87' lang='lat' dir='ltr'><strong>Depresso</strong></span> <span class='ocrx_word' id='word_1_20' title='bbox 289 518 429 596; x_wconf 74' lang='lat' dir='ltr'><strong>incipiat</strong></span> <span class='ocrx_word' id='word_1_21' title='bbox 416 539 477 596; x_wconf 75' lang='lat' dir='ltr'><strong>qam</strong></span> <span class='ocrx_word' id='word_1_22' title='bbox 491 522 556 577; x_wconf 86' lang='lat' dir='ltr'><strong>tum</strong></span> <span class='ocrx_word' id='word_1_23' title='bbox 570 519 641 577; x_wconf 91' lang='lat' dir='ltr'><strong>mihi</strong></span> <span class='ocrx_word' id='word_1_24' title='bbox 654 524 755 578; x_wconf 87' lang='lat' dir='ltr'><strong>taurus</strong></span> <span class='ocrx_word' id='word_1_25' title='bbox 768 524 863 580; x_wconf 86' lang='lat' dir='ltr'><strong>aratro</strong></span> 
     </span>
     <span class='ocr_line' id='line_1_5' title="bbox 159 591 885 676; baseline 0.003 -20"><span class='ocrx_word' id='word_1_26' title='bbox 159 591 293 674; x_wconf 76' lang='lat' dir='ltr'><strong>legemem,</strong></span> <span class='ocrx_word' id='word_1_27' title='bbox 307 602 338 656; x_wconf 91' lang='lat' dir='ltr'><strong>et</strong></span> <span class='ocrx_word' id='word_1_28' title='bbox 352 599 430 657; x_wconf 89' lang='lat' dir='ltr'><strong>sulco</strong></span> <span class='ocrx_word' id='word_1_29' title='bbox 443 599 562 659; x_wconf 71' lang='lat' dir='ltr'><strong>annun</strong></span> <span class='ocrx_word' id='word_1_30' title='bbox 575 599 766 676; x_wconf 84' lang='lat' dir='ltr'>splendescere</span> <span class='ocrx_word' id='word_1_31' title='bbox 779 620 885 660; x_wconf 88' lang='lat' dir='ltr'><strong>vomer.</strong></span> 
     </span>
    </p>

    <p class='ocr_par' dir='ltr' id='par_1_3' title="bbox 91 672 972 4091">
     <span class='ocr_line' id='line_1_6' title="bbox 156 672 754 756; baseline 0.007 -22"><span class='ocrx_word' id='word_1_32' title='bbox 156 672 197 734; x_wconf 84' lang='lat' dir='ltr'><strong>Illa</strong></span> <span class='ocrx_word' id='word_1_33' title='bbox 208 698 284 756; x_wconf 86' lang='lat' dir='ltr'><strong>seges</strong></span> <span class='ocrx_word' id='word_1_34' title='bbox 298 679 415 737; x_wconf 89' lang='lat' dir='ltr'><strong>demum</strong></span> <span class='ocrx_word' id='word_1_35' title='bbox 427 678 503 737; x_wconf 86' lang='lat' dir='ltr'><strong>votis</strong></span> <span class='ocrx_word' id='word_1_36' title='bbox 516 679 664 755; x_wconf 78' lang='lat' dir='ltr'><strong>respondit</strong></span> <span class='ocrx_word' id='word_1_37' title='bbox 676 679 754 738; x_wconf 83' lang='lat' dir='ltr'><strong>avari</strong></span> 
     </span>
     <span class='ocr_line' id='line_1_7' title="bbox 151 755 831 850; baseline 0.008 -37"><span class='ocrx_word' id='word_1_38' title='bbox 151 755 288 850; x_wconf 70' lang='lat' dir='ltr'><strong>Agricolae,</strong></span> <span class='ocrx_word' id='word_1_39' title='bbox 302 759 347 816; x_wconf 91' lang='lat' dir='ltr'><strong>bis</strong></span> <span class='ocrx_word' id='word_1_40' title='bbox 360 778 425 835; x_wconf 71' lang='lat' dir='ltr'><strong>quaa</strong></span> <span class='ocrx_word' id='word_1_41' title='bbox 439 758 535 831; x_wconf 86' lang='lat' dir='ltr'><strong>solem,</strong></span> <span class='ocrx_word' id='word_1_42' title='bbox 549 759 593 817; x_wconf 87' lang='lat' dir='ltr'><strong>bis</strong></span> <span class='ocrx_word' id='word_1_43' title='bbox 606 759 712 837; x_wconf 81' lang='lat' dir='ltr'><strong>frigora</strong></span> <span class='ocrx_word' id='word_1_44' title='bbox 725 759 831 831; x_wconf 78' lang='lat' dir='ltr'><strong>sensit3</strong></span> 
     </span>
     <span class='ocr_line' id='line_1_8' title="bbox 148 833 769 915; baseline 0.005 -20"><span class='ocrx_word' id='word_1_45' title='bbox 148 833 239 895; x_wconf 85' lang='lat' dir='ltr'><strong>Illius</strong></span> <span class='ocrx_word' id='word_1_46' title='bbox 231 857 380 896; x_wconf 73' lang='lat' dir='ltr'><strong>immensae</strong></span> <span class='ocrx_word' id='word_1_47' title='bbox 391 842 531 915; x_wconf 85' lang='lat' dir='ltr'><strong>ruperunt</strong></span> <span class='ocrx_word' id='word_1_48' title='bbox 543 837 645 897; x_wconf 81' lang='lat' dir='ltr'><strong>horrea</strong></span> <span class='ocrx_word' id='word_1_49' title='bbox 657 860 769 898; x_wconf 84' lang='lat' dir='ltr'><strong>messes</strong></span> 
     </span>
     <span class='ocr_line' id='line_1_9' title="bbox 178 918 928 996; baseline 0.004 -22"><span class='ocrx_word' id='word_1_50' title='bbox 178 919 220 975; x_wconf 88' lang='lat' dir='ltr'><strong>At</strong></span> <span class='ocrx_word' id='word_1_51' title='bbox 232 919 311 995; x_wconf 91' lang='lat' dir='ltr'><strong>prius</strong></span> <span class='ocrx_word' id='word_1_52' title='bbox 325 918 459 996; x_wconf 89' lang='lat' dir='ltr'><strong>ignotum</strong></span> <span class='ocrx_word' id='word_1_53' title='bbox 472 918 545 977; x_wconf 89' lang='lat' dir='ltr'><strong>ferro</strong></span> <span class='ocrx_word' id='word_1_54' title='bbox 558 938 643 995; x_wconf 88' lang='lat' dir='ltr'><strong>quam</strong></span> <span class='ocrx_word' id='word_1_55' title='bbox 656 919 811 977; x_wconf 74' lang='lat' dir='ltr'><strong>scindimus</strong></span> <span class='ocrx_word' id='word_1_56' title='bbox 824 938 928 995; x_wconf 69' lang='lat' dir='ltr'><strong>aequor,</strong></span> 
     </span>
     <span class='ocr_line' id='line_1_10' title="bbox 142 997 791 1075; baseline 0.005 -22"><span class='ocrx_word' id='word_1_57' title='bbox 142 997 244 1056; x_wconf 86' lang='lat' dir='ltr'><strong>Ventos</strong></span> <span class='ocrx_word' id='word_1_58' title='bbox 258 1001 289 1056; x_wconf 94' lang='lat' dir='ltr'><strong>et</strong></span> <span class='ocrx_word' id='word_1_59' title='bbox 302 999 413 1056; x_wconf 85' lang='lat' dir='ltr'><strong>varium</strong></span> <span class='ocrx_word' id='word_1_60' title='bbox 427 997 492 1057; x_wconf 80' lang='lat' dir='ltr'><strong>coeli</strong></span> <span class='ocrx_word' id='word_1_61' title='bbox 505 998 669 1075; x_wconf 76' lang='lat' dir='ltr'><strong>praediscere</strong></span> <span class='ocrx_word' id='word_1_62' title='bbox 683 1019 791 1058; x_wconf 89' lang='lat' dir='ltr'><strong>morem</strong></span> 
     </span>
     <span class='ocr_line' id='line_1_11' title="bbox 140 1077 934 1156; baseline 0 -21"><span class='ocrx_word' id='word_1_63' title='bbox 140 1077 212 1135; x_wconf 82' lang='lat' dir='ltr'><strong>Oura</strong></span> <span class='ocrx_word' id='word_1_64' title='bbox 225 1078 273 1150; x_wconf 88' lang='lat' dir='ltr'><strong>sit,</strong></span> <span class='ocrx_word' id='word_1_65' title='bbox 287 1098 319 1136; x_wconf 88' lang='lat' dir='ltr'><strong>ac</strong></span> <span class='ocrx_word' id='word_1_66' title='bbox 332 1077 440 1155; x_wconf 86' lang='lat' dir='ltr'><strong>patrios</strong></span> <span class='ocrx_word' id='word_1_67' title='bbox 453 1077 602 1153; x_wconf 84' lang='lat' dir='ltr'><strong>cultusque</strong></span> <span class='ocrx_word' id='word_1_68' title='bbox 615 1077 786 1156; x_wconf 84' lang='lat' dir='ltr'><strong>habitusque</strong></span> <span class='ocrx_word' id='word_1_69' title='bbox 798 1078 934 1149; x_wconf 88' lang='lat' dir='ltr'><strong>locorum,</strong></span> 
     </span>
     <span class='ocr_line' id='line_1_12' title="bbox 136 1157 968 1236; baseline -0.001 -21"><span class='ocrx_word' id='word_1_70' title='bbox 136 1158 177 1216; x_wconf 88' lang='lat' dir='ltr'><strong>Et</strong></span> <span class='ocrx_word' id='word_1_71' title='bbox 191 1157 261 1234; x_wconf 92' lang='lat' dir='ltr'><strong>quid</strong></span> <span class='ocrx_word' id='word_1_72' title='bbox 274 1178 393 1235; x_wconf 85' lang='lat' dir='ltr'><strong>quaeque</strong></span> <span class='ocrx_word' id='word_1_73' title='bbox 406 1158 480 1217; x_wconf 82' lang='lat' dir='ltr'><strong>ferat</strong></span> <span class='ocrx_word' id='word_1_74' title='bbox 492 1157 579 1234; x_wconf 84' lang='lat' dir='ltr'><strong>regio,</strong></span> <span class='ocrx_word' id='word_1_75' title='bbox 593 1161 624 1216; x_wconf 83' lang='lat' dir='ltr'><strong>et</strong></span> <span class='ocrx_word' id='word_1_76' title='bbox 637 1159 705 1234; x_wconf 90' lang='lat' dir='ltr'><strong>quid</strong></span> <span class='ocrx_word' id='word_1_77' title='bbox 719 1178 837 1236; x_wconf 85' lang='lat' dir='ltr'><strong>quaeque</strong></span> <span class='ocrx_word' id='word_1_78' title='bbox 848 1160 968 1217; x_wconf 75' lang='lat' dir='ltr'><strong>recinet.</strong></span> 
     </span>
     <span class='ocr_line' id='line_1_13' title="bbox 137 1237 746 1315; baseline 0.002 -20"><span class='ocrx_word' id='word_1_79' title='bbox 137 1237 195 1295; x_wconf 93' lang='lat' dir='ltr'><strong>Hic</strong></span> <span class='ocrx_word' id='word_1_80' title='bbox 209 1242 330 1315; x_wconf 88' lang='lat' dir='ltr'><strong>segetes,</strong></span> <span class='ocrx_word' id='word_1_81' title='bbox 343 1237 401 1295; x_wconf 93' lang='lat' dir='ltr'><strong>illic</strong></span> <span class='ocrx_word' id='word_1_82' title='bbox 414 1237 534 1296; x_wconf 87' lang='lat' dir='ltr'><strong>veniunt</strong></span> <span class='ocrx_word' id='word_1_83' title='bbox 547 1237 654 1296; x_wconf 86' lang='lat' dir='ltr'><strong>felicius</strong></span> <span class='ocrx_word' id='word_1_84' title='bbox 668 1259 746 1310; x_wconf 82' lang='lat' dir='ltr'><strong>uvae3</strong></span> 
     </span>
     <span class='ocr_line' id='line_1_14' title="bbox 134 1317 802 1395; baseline 0.003 -21"><span class='ocrx_word' id='word_1_85' title='bbox 134 1318 258 1376; x_wconf 89' lang='lat' dir='ltr'><strong>Arborei</strong></span> <span class='ocrx_word' id='word_1_86' title='bbox 270 1317 347 1375; x_wconf 85' lang='lat' dir='ltr'><strong>fetus</strong></span> <span class='ocrx_word' id='word_1_87' title='bbox 361 1317 429 1376; x_wconf 88' lang='lat' dir='ltr'><strong>alibi</strong></span> <span class='ocrx_word' id='word_1_88' title='bbox 442 1321 527 1393; x_wconf 87' lang='lat' dir='ltr'><strong>atque</strong></span> <span class='ocrx_word' id='word_1_89' title='bbox 539 1317 646 1395; x_wconf 86' lang='lat' dir='ltr'><strong>injussa</strong></span> <span class='ocrx_word' id='word_1_90' title='bbox 658 1318 802 1376; x_wconf 86' lang='lat' dir='ltr'><strong>virescunt</strong></span> 
     </span>
     <span class='ocr_line' id='line_1_15' title="bbox 134 1396 956 1469; baseline 0 -14"><span class='ocrx_word' id='word_1_91' title='bbox 134 1398 282 1455; x_wconf 76' lang='lat' dir='ltr'><strong>Gramina</strong></span> <span class='ocrx_word' id='word_1_92' title='bbox 325 1396 431 1456; x_wconf 86' lang='lat' dir='ltr'><strong>Nonne</strong></span> <span class='ocrx_word' id='word_1_93' title='bbox 443 1397 530 1469; x_wconf 84' lang='lat' dir='ltr'><strong>vides,</strong></span> <span class='ocrx_word' id='word_1_94' title='bbox 544 1417 655 1456; x_wconf 89' lang='lat' dir='ltr'><strong>croceos</strong></span> <span class='ocrx_word' id='word_1_95' title='bbox 669 1402 703 1457; x_wconf 87' lang='lat' dir='ltr'><strong>ut</strong></span> <span class='ocrx_word' id='word_1_96' title='bbox 717 1397 835 1455; x_wconf 81' lang='lat' dir='ltr'><strong>Tmolus</strong></span> <span class='ocrx_word' id='word_1_97' title='bbox 849 1396 956 1467; x_wconf 69' lang='lat' dir='ltr'><strong>odores</strong></span> 
     </span>
     <span class='ocr_line' id='line_1_16' title="bbox 134 1476 817 1548; baseline 0.001 -14"><span class='ocrx_word' id='word_1_98' title='bbox 134 1477 222 1534; x_wconf 89' lang='lat' dir='ltr'><strong>India</strong></span> <span class='ocrx_word' id='word_1_99' title='bbox 233 1476 330 1535; x_wconf 87' lang='lat' dir='ltr'><strong>mittit</strong></span> <span class='ocrx_word' id='word_1_100' title='bbox 343 1477 421 1548; x_wconf 88' lang='lat' dir='ltr'><strong>ebur,</strong></span> <span class='ocrx_word' id='word_1_101' title='bbox 434 1477 534 1536; x_wconf 78' lang='lat' dir='ltr'><strong>molles</strong></span> <span class='ocrx_word' id='word_1_102' title='bbox 547 1497 598 1536; x_wconf 87' lang='lat' dir='ltr'><strong>sua</strong></span> <span class='ocrx_word' id='word_1_103' title='bbox 610 1477 698 1535; x_wconf 90' lang='lat' dir='ltr'><strong>thura</strong></span> <span class='ocrx_word' id='word_1_104' title='bbox 711 1476 817 1548; x_wconf 83' lang='lat' dir='ltr'><strong>Sabaei;</strong></span> 
     </span>
     <span class='ocr_line' id='line_1_17' title="bbox 134 1556 834 1635; baseline 0 -20"><span class='ocrx_word' id='word_1_105' title='bbox 134 1557 179 1615; x_wconf 88' lang='lat' dir='ltr'><strong>At</strong></span> <span class='ocrx_word' id='word_1_106' title='bbox 192 1556 336 1635; x_wconf 75' lang='lat' dir='ltr'>Chalybes</span> <span class='ocrx_word' id='word_1_107' title='bbox 349 1557 420 1614; x_wconf 92' lang='lat' dir='ltr'><strong>nudi</strong></span> <span class='ocrx_word' id='word_1_108' title='bbox 432 1557 547 1627; x_wconf 88' lang='lat' dir='ltr'><strong>ferrum,</strong></span> <span class='ocrx_word' id='word_1_109' title='bbox 560 1557 709 1634; x_wconf 79' lang='lat' dir='ltr'><strong>virosaque</strong></span> <span class='ocrx_word' id='word_1_110' title='bbox 723 1557 834 1615; x_wconf 87' lang='lat' dir='ltr'><strong>Pontus</strong></span> 
     </span>
     <span class='ocr_line' id='line_1_18' title="bbox 133 1634 840 1714; baseline 0 -19"><span class='ocrx_word' id='word_1_111' title='bbox 133 1636 281 1707; x_wconf 69' lang='lat' dir='ltr'><strong>Castorea,</strong></span> <span class='ocrx_word' id='word_1_112' title='bbox 295 1634 430 1695; x_wconf 82' lang='lat' dir='ltr'><strong>Eliadum</strong></span> <span class='ocrx_word' id='word_1_113' title='bbox 442 1636 550 1713; x_wconf 85' lang='lat' dir='ltr'><strong>palmas</strong></span> <span class='ocrx_word' id='word_1_114' title='bbox 564 1637 667 1714; x_wconf 81' lang='lat' dir='ltr'><strong>Epiros</strong></span> <span class='ocrx_word' id='word_1_115' title='bbox 680 1635 840 1714; x_wconf 77' lang='lat' dir='ltr'><strong>equarum?</strong></span> 
     </span>
     <span class='ocr_line' id='line_1_19' title="bbox 134 1716 830 1794; baseline -0.003 -18"><span class='ocrx_word' id='word_1_116' title='bbox 134 1716 284 1776; x_wconf 75' lang='lat' dir='ltr'><strong>Continuo</strong></span> <span class='ocrx_word' id='word_1_117' title='bbox 296 1716 349 1775; x_wconf 83' lang='lat' dir='ltr'><strong>hes</strong></span> <span class='ocrx_word' id='word_1_118' title='bbox 361 1716 440 1794; x_wconf 83' lang='lat' dir='ltr'><strong>leges</strong></span> <span class='ocrx_word' id='word_1_119' title='bbox 452 1719 614 1793; x_wconf 75' lang='lat' dir='ltr'><strong>aeternaque</strong></span> <span class='ocrx_word' id='word_1_120' title='bbox 627 1717 732 1775; x_wconf 86' lang='lat' dir='ltr'><strong>foedera</strong></span> <span class='ocrx_word' id='word_1_121' title='bbox 745 1717 830 1775; x_wconf 86' lang='lat' dir='ltr'><strong>certis</strong></span> 
     </span>
     <span class='ocr_line' id='line_1_20' title="bbox 135 1796 838 1874; baseline 0 -20"><span class='ocrx_word' id='word_1_122' title='bbox 135 1796 284 1874; x_wconf 78' lang='lat' dir='ltr'><strong>Imposuit</strong></span> <span class='ocrx_word' id='word_1_123' title='bbox 295 1800 400 1855; x_wconf 83' lang='lat' dir='ltr'><strong>natura</strong></span> <span class='ocrx_word' id='word_1_124' title='bbox 410 1796 488 1868; x_wconf 88' lang='lat' dir='ltr'><strong>locis,</strong></span> <span class='ocrx_word' id='word_1_125' title='bbox 503 1816 559 1872; x_wconf 89' lang='lat' dir='ltr'><strong>quo</strong></span> <span class='ocrx_word' id='word_1_126' title='bbox 572 1800 700 1873; x_wconf 90' lang='lat' dir='ltr'><strong>tempore</strong></span> <span class='ocrx_word' id='word_1_127' title='bbox 712 1797 838 1874; x_wconf 90' lang='lat' dir='ltr'><strong>primum</strong></span> 
     </span>
     <span class='ocr_line' id='line_1_21' title="bbox 133 1875 849 1954; baseline -0.001 -19"><span class='ocrx_word' id='word_1_128' title='bbox 133 1875 295 1935; x_wconf 78' lang='lat' dir='ltr'><strong>Deucalion</strong></span> <span class='ocrx_word' id='word_1_129' title='bbox 310 1896 433 1934; x_wconf 84' lang='lat' dir='ltr'><strong>vacuum</strong></span> <span class='ocrx_word' id='word_1_130' title='bbox 444 1876 552 1953; x_wconf 86' lang='lat' dir='ltr'><strong>lapides</strong></span> <span class='ocrx_word' id='word_1_131' title='bbox 561 1876 704 1954; x_wconf 85' lang='lat' dir='ltr'><strong>jactavit</strong></span> <span class='ocrx_word' id='word_1_132' title='bbox 697 1897 728 1934; x_wconf 95' lang='lat' dir='ltr'><strong>1n</strong></span> <span class='ocrx_word' id='word_1_133' title='bbox 743 1877 849 1947; x_wconf 85' lang='lat' dir='ltr'><strong>orbem,</strong></span> 
     </span>
     <span class='ocr_line' id='line_1_22' title="bbox 132 1955 972 2034; baseline -0.002 -19"><span class='ocrx_word' id='word_1_134' title='bbox 132 1955 225 2015; x_wconf 83' lang='lat' dir='ltr'><strong>Unde</strong></span> <span class='ocrx_word' id='word_1_135' title='bbox 238 1955 367 2015; x_wconf 88' lang='lat' dir='ltr'><strong>homines</strong></span> <span class='ocrx_word' id='word_1_136' title='bbox 379 1956 451 2027; x_wconf 89' lang='lat' dir='ltr'><strong>nati,</strong></span> <span class='ocrx_word' id='word_1_137' title='bbox 464 1956 568 2015; x_wconf 75' lang='lat' dir='ltr'><strong>dunum</strong></span> <span class='ocrx_word' id='word_1_138' title='bbox 581 1976 680 2033; x_wconf 86' lang='lat' dir='ltr'><strong>genus.</strong></span> <span class='ocrx_word' id='word_1_139' title='bbox 721 1957 783 2034; x_wconf 81' lang='lat' dir='ltr'><strong>Erg</strong></span> <span class='ocrx_word' id='word_1_140' title='bbox 764 1975 875 2033; x_wconf 75' lang='lat' dir='ltr'><strong>ooage,</strong></span> <span class='ocrx_word' id='word_1_141' title='bbox 888 1957 972 2013; x_wconf 74' lang='lat' dir='ltr'><strong>terre</strong></span> 
     </span>
     <span class='ocr_line' id='line_1_23' title="bbox 132 2034 891 2115; baseline 0 -20"><span class='ocrx_word' id='word_1_142' title='bbox 132 2034 252 2115; x_wconf 67' lang='lat' dir='ltr'><strong>Pingue</strong></span> <span class='ocrx_word' id='word_1_143' title='bbox 264 2034 356 2095; x_wconf 86' lang='lat' dir='ltr'><strong>solum</strong></span> <span class='ocrx_word' id='word_1_144' title='bbox 368 2035 468 2114; x_wconf 81' lang='lat' dir='ltr'><strong>primis</strong></span> <span class='ocrx_word' id='word_1_145' title='bbox 480 2036 624 2113; x_wconf 80' lang='lat' dir='ltr'><strong>extemplo</strong></span> <span class='ocrx_word' id='word_1_146' title='bbox 637 2056 655 2094; x_wconf 89' lang='lat' dir='ltr'><strong>a</strong></span> <span class='ocrx_word' id='word_1_147' title='bbox 667 2037 810 2095; x_wconf 86' lang='lat' dir='ltr'><strong>mensibus</strong></span> <span class='ocrx_word' id='word_1_148' title='bbox 823 2035 891 2095; x_wconf 89' lang='lat' dir='ltr'><strong>anni</strong></span> 
     </span>
     <span class='ocr_line' id='line_1_24' title="bbox 92 2114 802 2193; baseline -0.003 -16"><span class='ocrx_word' id='word_1_149' title='bbox 92 2171 98 2177; x_wconf 92' lang='lat'><em>.</em></span> <span class='ocrx_word' id='word_1_150' title='bbox 133 2114 244 2175; x_wconf 72' lang='lat' dir='ltr'><strong>Fortes</strong></span> <span class='ocrx_word' id='word_1_151' title='bbox 256 2115 402 2175; x_wconf 82' lang='lat' dir='ltr'><strong>invertant</strong></span> <span class='ocrx_word' id='word_1_152' title='bbox 415 2115 491 2174; x_wconf 85' lang='lat' dir='ltr'><strong>tauri</strong></span> <span class='ocrx_word' id='word_1_153' title='bbox 492 2115 666 2193; x_wconf 71' lang='lat' dir='ltr'><strong>,glebaeque</strong></span> <span class='ocrx_word' id='word_1_154' title='bbox 674 2116 802 2193; x_wconf 85' lang='lat' dir='ltr'><strong>jacentes</strong></span> 
     </span>
     <span class='ocr_line' id='line_1_25' title="bbox 122 2161 827 2273; baseline -0.003 -18"><span class='ocrx_word' id='word_1_155' title='bbox 122 2194 377 2265; x_wconf 72' lang='lat' dir='ltr'><strong>,Pmamenae</strong></span> <span class='ocrx_word' id='word_1_156' title='bbox 377 2198 465 2273; x_wconf 86' lang='lat' dir='ltr'><strong>oquat</strong></span> <span class='ocrx_word' id='word_1_157' title='bbox 478 2161 599 2254; x_wconf 74' lang='lat' dir='ltr'><strong>maturis</strong></span> <span class='ocrx_word' id='word_1_158' title='bbox 609 2196 715 2254; x_wconf 90' lang='lat' dir='ltr'><strong>solibus</strong></span> <span class='ocrx_word' id='word_1_159' title='bbox 728 2201 827 2254; x_wconf 84' lang='lat' dir='ltr'><strong>restas:</strong></span> 
     </span>
     <span class='ocr_line' id='line_1_26' title="bbox 96 2274 804 2352; baseline 0 -17"><span class='ocrx_word' id='word_1_160' title='bbox 96 2274 219 2349; x_wconf 63' lang='grc' dir='ltr'>ιμΔΓ</span> <span class='ocrx_word' id='word_1_161' title='bbox 194 2292 222 2335; x_wconf 75' lang='lat' dir='ltr'>n</span> <span class='ocrx_word' id='word_1_162' title='bbox 232 2294 293 2335; x_wconf 85' lang='lat' dir='ltr'><strong>nun</strong></span> <span class='ocrx_word' id='word_1_163' title='bbox 304 2275 391 2335; x_wconf 79' lang='lat' dir='ltr'><strong>fuerit</strong></span> <span class='ocrx_word' id='word_1_164' title='bbox 403 2274 489 2334; x_wconf 85' lang='lat' dir='ltr'><strong>tellus</strong></span> <span class='ocrx_word' id='word_1_165' title='bbox 502 2275 630 2347; x_wconf 78' lang='lat' dir='ltr'><strong>secunda,</strong></span> <span class='ocrx_word' id='word_1_166' title='bbox 644 2276 718 2333; x_wconf 90' lang='lat' dir='ltr'><strong>sub</strong></span> <span class='ocrx_word' id='word_1_167' title='bbox 709 2297 804 2352; x_wconf 79' lang='lat' dir='ltr'><strong>ipsum</strong></span> 
     </span>
     <span class='ocr_line' id='line_1_27' title="bbox 91 2342 809 2433; baseline -0.004 -16"><span class='ocrx_word' id='word_1_168' title='bbox 91 2342 115 2411; x_wconf 85' lang='grc' dir='ltr'><strong>Γ“·</strong></span> <span class='ocrx_word' id='word_1_169' title='bbox 114 2352 298 2419; x_wconf 68' lang='lat' dir='ltr'><strong>amarum</strong></span> <span class='ocrx_word' id='word_1_170' title='bbox 311 2355 391 2414; x_wconf 88' lang='lat' dir='ltr'><strong>tenui</strong></span> <span class='ocrx_word' id='word_1_171' title='bbox 405 2358 451 2415; x_wconf 84' lang='lat' dir='ltr'><strong>sat</strong></span> <span class='ocrx_word' id='word_1_172' title='bbox 463 2355 518 2413; x_wconf 91' lang='lat' dir='ltr'><strong>erit</strong></span> <span class='ocrx_word' id='word_1_173' title='bbox 532 2355 701 2433; x_wconf 73' lang='lat' dir='ltr'><strong>supendere</strong></span> <span class='ocrx_word' id='word_1_174' title='bbox 714 2356 809 2428; x_wconf 88' lang='lat' dir='ltr'><strong>eulco;</strong></span> 
     </span>
     <span class='ocr_line' id='line_1_28' title="bbox 97 2432 750 2512; baseline -0.007 -15.742"><span class='ocrx_word' id='word_1_175' title='bbox 97 2432 215 2509; x_wconf 79' lang='lat' dir='ltr'><strong>Illic,</strong></span> <span class='ocrx_word' id='word_1_176' title='bbox 227 2434 354 2495; x_wconf 82' lang='lat' dir='ltr'><strong>officiant</strong></span> <span class='ocrx_word' id='word_1_177' title='bbox 366 2435 440 2493; x_wconf 82' lang='lat' dir='ltr'><strong>laetis</strong></span> <span class='ocrx_word' id='word_1_178' title='bbox 453 2455 489 2494; x_wconf 89' lang='lat' dir='ltr'><strong>ne</strong></span> <span class='ocrx_word' id='word_1_179' title='bbox 502 2435 631 2512; x_wconf 82' lang='lat' dir='ltr'><strong>frugibus</strong></span> <span class='ocrx_word' id='word_1_180' title='bbox 644 2435 750 2506; x_wconf 73' lang='lat' dir='ltr'><strong>herbas,</strong></span> 
     </span>
     <span class='ocr_line' id='line_1_29' title="bbox 137 2512 909 2592; baseline -0.004 -17"><span class='ocrx_word' id='word_1_181' title='bbox 137 2512 210 2587; x_wconf 73' lang='lat' dir='ltr'><strong>flia,</strong></span> <span class='ocrx_word' id='word_1_182' title='bbox 222 2513 351 2575; x_wconf 80' lang='lat' dir='ltr'><strong>sterilem</strong></span> <span class='ocrx_word' id='word_1_183' title='bbox 364 2515 483 2592; x_wconf 84' lang='lat' dir='ltr'><strong>exiguus</strong></span> <span class='ocrx_word' id='word_1_184' title='bbox 496 2535 532 2573; x_wconf 92' lang='lat' dir='ltr'><strong>ne</strong></span> <span class='ocrx_word' id='word_1_185' title='bbox 546 2516 657 2575; x_wconf 89' lang='lat' dir='ltr'><strong>deserat</strong></span> <span class='ocrx_word' id='word_1_186' title='bbox 670 2515 773 2573; x_wconf 90' lang='lat' dir='ltr'><strong>humor</strong></span> <span class='ocrx_word' id='word_1_187' title='bbox 786 2535 909 2574; x_wconf 88' lang='lat' dir='ltr'><strong>arenam.</strong></span> 
     </span>
     <span class='ocr_line' id='line_1_30' title="bbox 176 2592 756 2655; baseline 0 -2"><span class='ocrx_word' id='word_1_188' title='bbox 176 2592 309 2655; x_wconf 77' lang='lat' dir='ltr'><strong>Alternis</strong></span> <span class='ocrx_word' id='word_1_189' title='bbox 321 2593 397 2653; x_wconf 90' lang='lat' dir='ltr'><strong>idem</strong></span> <span class='ocrx_word' id='word_1_190' title='bbox 410 2600 509 2653; x_wconf 85' lang='lat' dir='ltr'><strong>tonsas</strong></span> <span class='ocrx_word' id='word_1_191' title='bbox 522 2615 629 2653; x_wconf 85' lang='lat' dir='ltr'><strong>cessare</strong></span> <span class='ocrx_word' id='word_1_192' title='bbox 642 2595 756 2653; x_wconf 85' lang='lat' dir='ltr'><strong>novales</strong></span> 
     </span>
     <span class='ocr_line' id='line_1_31' title="bbox 139 2672 826 2752; baseline -0.004 -17"><span class='ocrx_word' id='word_1_193' title='bbox 139 2672 182 2735; x_wconf 69' lang='lat' dir='ltr'><strong>Ut</strong></span> <span class='ocrx_word' id='word_1_194' title='bbox 325 2673 434 2752; x_wconf 83' lang='lat' dir='ltr'><strong>patiere</strong></span> <span class='ocrx_word' id='word_1_195' title='bbox 447 2675 506 2733; x_wconf 87' lang='lat' dir='ltr'><strong>situ</strong></span> <span class='ocrx_word' id='word_1_196' title='bbox 518 2675 664 2733; x_wconf 89' lang='lat' dir='ltr'><strong>durescere</strong></span> <span class='ocrx_word' id='word_1_197' title='bbox 677 2694 826 2751; x_wconf 68' lang='lat' dir='ltr'><strong>campum</strong></span> 
     </span>
     <span class='ocr_line' id='line_1_32' title="bbox 142 2752 756 2825; baseline 0 -14"><span class='ocrx_word' id='word_1_198' title='bbox 142 2754 201 2813; x_wconf 79' lang='lat' dir='ltr'><strong>Aut</strong></span> <span class='ocrx_word' id='word_1_199' title='bbox 212 2754 226 2812; x_wconf 90' lang='lat' dir='ltr'><strong>i</strong></span> <span class='ocrx_word' id='word_1_200' title='bbox 245 2754 257 2813; x_wconf 92' lang='lat' dir='ltr'><strong>i</strong></span> <span class='ocrx_word' id='word_1_201' title='bbox 268 2752 344 2812; x_wconf 82' lang='lat' dir='ltr'><strong>flava</strong></span> <span class='ocrx_word' id='word_1_202' title='bbox 356 2774 430 2813; x_wconf 87' lang='lat' dir='ltr'><strong>seres</strong></span> <span class='ocrx_word' id='word_1_203' title='bbox 444 2757 557 2813; x_wconf 81' lang='lat' dir='ltr'><strong>mutato</strong></span> <span class='ocrx_word' id='word_1_204' title='bbox 570 2755 661 2813; x_wconf 87' lang='lat' dir='ltr'><strong>sidere</strong></span> <span class='ocrx_word' id='word_1_205' title='bbox 673 2755 756 2825; x_wconf 81' lang='lat' dir='ltr'><strong>farra,</strong></span> 
     </span>
     <span class='ocr_line' id='line_1_33' title="bbox 142 2832 869 2912; baseline -0.003 -21"><span class='ocrx_word' id='word_1_206' title='bbox 142 2832 225 2893; x_wconf 89' lang='lat' dir='ltr'><strong>Unde</strong></span> <span class='ocrx_word' id='word_1_207' title='bbox 239 2833 319 2912; x_wconf 89' lang='lat' dir='ltr'><strong>prius</strong></span> <span class='ocrx_word' id='word_1_208' title='bbox 331 2834 434 2892; x_wconf 79' lang='lat' dir='ltr'><strong>latum</strong></span> <span class='ocrx_word' id='word_1_209' title='bbox 447 2834 550 2911; x_wconf 90' lang='lat' dir='ltr'><strong>siliqua</strong></span> <span class='ocrx_word' id='word_1_210' title='bbox 563 2837 713 2909; x_wconf 83' lang='lat' dir='ltr'><strong>quassante</strong></span> <span class='ocrx_word' id='word_1_211' title='bbox 726 2833 869 2911; x_wconf 86' lang='lat' dir='ltr'><strong>legumen,</strong></span> 
     </span>
     <span class='ocr_line' id='line_1_34' title="bbox 145 2913 767 2991; baseline -0.003 -19"><span class='ocrx_word' id='word_1_212' title='bbox 145 2915 202 2973; x_wconf 75' lang='lat' dir='ltr'><strong>Aut</strong></span> <span class='ocrx_word' id='word_1_213' title='bbox 215 2917 320 2972; x_wconf 86' lang='lat' dir='ltr'><strong>tenues</strong></span> <span class='ocrx_word' id='word_1_214' title='bbox 332 2913 408 2972; x_wconf 85' lang='lat' dir='ltr'><strong>fetus</strong></span> <span class='ocrx_word' id='word_1_215' title='bbox 421 2914 503 2973; x_wconf 80' lang='lat' dir='ltr'><strong>viciae</strong></span> <span class='ocrx_word' id='word_1_216' title='bbox 515 2914 663 2991; x_wconf 83' lang='lat' dir='ltr'><strong>tristisque</strong></span> <span class='ocrx_word' id='word_1_217' title='bbox 675 2913 767 2990; x_wconf 92' lang='lat' dir='ltr'><strong>lupini</strong></span> 
     </span>
     <span class='ocr_line' id='line_1_35' title="bbox 146 2993 898 3071; baseline -0.001 -21"><span class='ocrx_word' id='word_1_218' title='bbox 146 2993 298 3053; x_wconf 82' lang='lat' dir='ltr'><strong>Sustuleris</strong></span> <span class='ocrx_word' id='word_1_219' title='bbox 311 2993 425 3071; x_wconf 82' lang='lat' dir='ltr'><strong>fragiles</strong></span> <span class='ocrx_word' id='word_1_220' title='bbox 438 2994 559 3052; x_wconf 85' lang='lat' dir='ltr'><strong>calamos</strong></span> <span class='ocrx_word' id='word_1_221' title='bbox 573 2993 727 3069; x_wconf 86' lang='lat' dir='ltr'><strong>silvamque</strong></span> <span class='ocrx_word' id='word_1_222' title='bbox 741 2996 898 3051; x_wconf 86' lang='lat' dir='ltr'><strong>sonantem.</strong></span> 
     </span>
     <span class='ocr_line' id='line_1_36' title="bbox 147 3073 812 3151; baseline 0 -21"><span class='ocrx_word' id='word_1_223' title='bbox 147 3073 208 3134; x_wconf 87' lang='lat' dir='ltr'><strong>Urit</strong></span> <span class='ocrx_word' id='word_1_224' title='bbox 222 3074 302 3132; x_wconf 90' lang='lat' dir='ltr'><strong>enim</strong></span> <span class='ocrx_word' id='word_1_225' title='bbox 315 3073 368 3131; x_wconf 91' lang='lat' dir='ltr'><strong>lini</strong></span> <span class='ocrx_word' id='word_1_226' title='bbox 381 3094 514 3150; x_wconf 90' lang='lat' dir='ltr'><strong>campum</strong></span> <span class='ocrx_word' id='word_1_227' title='bbox 526 3093 615 3151; x_wconf 83' lang='lat' dir='ltr'><strong>seges,</strong></span> <span class='ocrx_word' id='word_1_228' title='bbox 628 3073 688 3131; x_wconf 90' lang='lat' dir='ltr'><strong>urit</strong></span> <span class='ocrx_word' id='word_1_229' title='bbox 701 3093 812 3144; x_wconf 83' lang='lat' dir='ltr'><strong>avenae3</strong></span> 
     </span>
     <span class='ocr_line' id='line_1_37' title="bbox 148 3152 775 3230; baseline 0.002 -20"><span class='ocrx_word' id='word_1_230' title='bbox 148 3152 240 3213; x_wconf 86' lang='lat' dir='ltr'><strong>Urunt</strong></span> <span class='ocrx_word' id='word_1_231' title='bbox 254 3153 378 3211; x_wconf 85' lang='lat' dir='ltr'><strong>Lethaeo</strong></span> <span class='ocrx_word' id='word_1_232' title='bbox 391 3154 503 3230; x_wconf 88' lang='lat' dir='ltr'><strong>perfusa</strong></span> <span class='ocrx_word' id='word_1_233' title='bbox 514 3173 654 3230; x_wconf 85' lang='lat' dir='ltr'><strong>papavera</strong></span> <span class='ocrx_word' id='word_1_234' title='bbox 665 3173 775 3212; x_wconf 88' lang='lat' dir='ltr'><strong>somno.</strong></span> 
     </span>
     <span class='ocr_line' id='line_1_38' title="bbox 148 3232 864 3303; baseline -0.004 -10"><span class='ocrx_word' id='word_1_235' title='bbox 148 3232 197 3293; x_wconf 85' lang='lat' dir='ltr'><strong>Sed</strong></span> <span class='ocrx_word' id='word_1_236' title='bbox 209 3239 311 3292; x_wconf 88' lang='lat' dir='ltr'><strong>tamen</strong></span> <span class='ocrx_word' id='word_1_237' title='bbox 325 3234 441 3291; x_wconf 88' lang='lat' dir='ltr'><strong>alternis</strong></span> <span class='ocrx_word' id='word_1_238' title='bbox 454 3233 543 3292; x_wconf 85' lang='lat' dir='ltr'><strong>facilis</strong></span> <span class='ocrx_word' id='word_1_239' title='bbox 555 3233 642 3303; x_wconf 88' lang='lat' dir='ltr'><strong>labor,</strong></span> <span class='ocrx_word' id='word_1_240' title='bbox 656 3232 735 3291; x_wconf 88' lang='lat' dir='ltr'><strong>arida</strong></span> <span class='ocrx_word' id='word_1_241' title='bbox 746 3236 864 3291; x_wconf 87' lang='lat' dir='ltr'><strong>tantum</strong></span> 
     </span>
     <span class='ocr_line' id='line_1_39' title="bbox 148 3312 811 3391; baseline -0.002 -18"><span class='ocrx_word' id='word_1_242' title='bbox 148 3312 187 3373; x_wconf 83' lang='lat' dir='ltr'><strong>Ne</strong></span> <span class='ocrx_word' id='word_1_243' title='bbox 201 3318 332 3372; x_wconf 85' lang='lat' dir='ltr'><strong>saturare</strong></span> <span class='ocrx_word' id='word_1_244' title='bbox 345 3314 413 3371; x_wconf 89' lang='lat' dir='ltr'><strong>fimo</strong></span> <span class='ocrx_word' id='word_1_245' title='bbox 426 3312 527 3391; x_wconf 88' lang='lat' dir='ltr'><strong>pingui</strong></span> <span class='ocrx_word' id='word_1_246' title='bbox 539 3313 646 3390; x_wconf 90' lang='lat' dir='ltr'><strong>pudeat</strong></span> <span class='ocrx_word' id='word_1_247' title='bbox 659 3312 726 3384; x_wconf 87' lang='lat' dir='ltr'><strong>sola,</strong></span> <span class='ocrx_word' id='word_1_248' title='bbox 740 3333 811 3372; x_wconf 87' lang='lat' dir='ltr'><strong>neve</strong></span> 
     </span>
     <span class='ocr_line' id='line_1_40' title="bbox 147 3392 869 3471; baseline -0.001 -20"><span class='ocrx_word' id='word_1_249' title='bbox 147 3392 254 3453; x_wconf 84' lang='lat' dir='ltr'><strong>llffetos</strong></span> <span class='ocrx_word' id='word_1_250' title='bbox 269 3393 390 3451; x_wconf 89' lang='lat' dir='ltr'><strong>cinerem</strong></span> <span class='ocrx_word' id='word_1_251' title='bbox 403 3393 584 3451; x_wconf 91' lang='lat' dir='ltr'><strong>immundum</strong></span> <span class='ocrx_word' id='word_1_252' title='bbox 592 3393 701 3471; x_wconf 85' lang='lat' dir='ltr'><strong>jactare</strong></span> <span class='ocrx_word' id='word_1_253' title='bbox 714 3412 765 3468; x_wconf 92' lang='lat' dir='ltr'><strong>per</strong></span> <span class='ocrx_word' id='word_1_254' title='bbox 777 3412 869 3470; x_wconf 85' lang='lat' dir='ltr'><strong>agros.</strong></span> 
     </span>
     <span class='ocr_line' id='line_1_41' title="bbox 147 3472 854 3551; baseline 0 -21"><span class='ocrx_word' id='word_1_255' title='bbox 147 3472 186 3533; x_wconf 77' lang='lat' dir='ltr'><strong>sie</strong></span> <span class='ocrx_word' id='word_1_256' title='bbox 201 3493 315 3551; x_wconf 91' lang='lat' dir='ltr'><strong>quoque</strong></span> <span class='ocrx_word' id='word_1_257' title='bbox 328 3474 449 3531; x_wconf 85' lang='lat' dir='ltr'><strong>mutatis</strong></span> <span class='ocrx_word' id='word_1_258' title='bbox 461 3472 641 3549; x_wconf 87' lang='lat' dir='ltr'><strong>requiescunt</strong></span> <span class='ocrx_word' id='word_1_259' title='bbox 654 3472 759 3530; x_wconf 88' lang='lat' dir='ltr'><strong>fetibus</strong></span> <span class='ocrx_word' id='word_1_260' title='bbox 772 3492 854 3542; x_wconf 81' lang='lat' dir='ltr'><strong>arva3</strong></span> 
     </span>
     <span class='ocr_line' id='line_1_42' title="bbox 148 3552 822 3629; baseline -0.005 -16"><span class='ocrx_word' id='word_1_261' title='bbox 148 3552 204 3613; x_wconf 88' lang='lat' dir='ltr'><strong>Nec</strong></span> <span class='ocrx_word' id='word_1_262' title='bbox 218 3553 300 3612; x_wconf 89' lang='lat' dir='ltr'><strong>nulla</strong></span> <span class='ocrx_word' id='word_1_263' title='bbox 312 3553 422 3611; x_wconf 89' lang='lat' dir='ltr'><strong>interea</strong></span> <span class='ocrx_word' id='word_1_264' title='bbox 433 3556 478 3612; x_wconf 84' lang='lat' dir='ltr'><strong>est</strong></span> <span class='ocrx_word' id='word_1_265' title='bbox 490 3553 610 3611; x_wconf 80' lang='lat' dir='ltr'><strong>inaratae</strong></span> <span class='ocrx_word' id='word_1_266' title='bbox 625 3552 718 3629; x_wconf 85' lang='lat' dir='ltr'><strong>gratia</strong></span> <span class='ocrx_word' id='word_1_267' title='bbox 731 3556 822 3610; x_wconf 77' lang='lat' dir='ltr'><strong>terra.</strong></span> 
     </span>
     <span class='ocr_line' id='line_1_43' title="bbox 148 3626 836 3711; baseline -0.003 -20"><span class='ocrx_word' id='word_1_268' title='bbox 148 3631 223 3711; x_wconf 82' lang='lat' dir='ltr'><strong>Saepe</strong></span> <span class='ocrx_word' id='word_1_269' title='bbox 238 3626 327 3692; x_wconf 85' lang='lat' dir='ltr'><strong>etiam</strong></span> <span class='ocrx_word' id='word_1_270' title='bbox 340 3633 449 3691; x_wconf 85' lang='lat' dir='ltr'><strong>steriles</strong></span> <span class='ocrx_word' id='word_1_271' title='bbox 461 3633 610 3690; x_wconf 84' lang='lat' dir='ltr'><strong>incendere</strong></span> <span class='ocrx_word' id='word_1_272' title='bbox 623 3632 731 3708; x_wconf 88' lang='lat' dir='ltr'><strong>profuit</strong></span> <span class='ocrx_word' id='word_1_273' title='bbox 745 3652 836 3709; x_wconf 83' lang='lat' dir='ltr'><strong>agros,</strong></span> 
     </span>
     <span class='ocr_line' id='line_1_44' title="bbox 148 3709 960 3791; baseline -0.004 -21"><span class='ocrx_word' id='word_1_274' title='bbox 148 3714 241 3791; x_wconf 76' lang='lat' dir='ltr'><strong>Atque</strong></span> <span class='ocrx_word' id='word_1_275' title='bbox 253 3713 348 3771; x_wconf 91' lang='lat' dir='ltr'><strong>levem</strong></span> <span class='ocrx_word' id='word_1_276' title='bbox 361 3712 497 3790; x_wconf 80' lang='lat' dir='ltr'><strong>stipulam</strong></span> <span class='ocrx_word' id='word_1_277' title='bbox 510 3711 715 3789; x_wconf 82' lang='lat' dir='ltr'><strong>crepitantibus</strong></span> <span class='ocrx_word' id='word_1_278' title='bbox 728 3732 809 3770; x_wconf 89' lang='lat' dir='ltr'><strong>urere</strong></span> <span class='ocrx_word' id='word_1_279' title='bbox 822 3709 960 3770; x_wconf 86' lang='lat' dir='ltr'><strong>flammis:</strong></span> 
     </span>
     <span class='ocr_line' id='line_1_45' title="bbox 149 3791 776 3867; baseline 0 -18"><span class='ocrx_word' id='word_1_280' title='bbox 149 3791 209 3852; x_wconf 86' lang='lat' dir='ltr'><strong>Sive</strong></span> <span class='ocrx_word' id='word_1_281' title='bbox 222 3793 290 3851; x_wconf 89' lang='lat' dir='ltr'><strong>inde</strong></span> <span class='ocrx_word' id='word_1_282' title='bbox 304 3792 468 3850; x_wconf 82' lang='lat' dir='ltr'><strong>occultae</strong></span> <span class='ocrx_word' id='word_1_283' title='bbox 441 3811 516 3850; x_wconf 79' lang='lat' dir='ltr'><strong>vires</strong></span> <span class='ocrx_word' id='word_1_284' title='bbox 530 3795 560 3850; x_wconf 87' lang='lat' dir='ltr'><strong>et</strong></span> <span class='ocrx_word' id='word_1_285' title='bbox 574 3791 678 3867; x_wconf 84' lang='lat' dir='ltr'><strong>pabula</strong></span> <span class='ocrx_word' id='word_1_286' title='bbox 691 3795 776 3850; x_wconf 86' lang='lat' dir='ltr'><strong>terrae</strong></span> 
     </span>
     <span class='ocr_line' id='line_1_46' title="bbox 149 3869 884 3951; baseline -0.005 -21"><span class='ocrx_word' id='word_1_287' title='bbox 149 3870 269 3951; x_wconf 88' lang='lat' dir='ltr'><strong>Pinguia</strong></span> <span class='ocrx_word' id='word_1_288' title='bbox 283 3871 465 3948; x_wconf 87' lang='lat' dir='ltr'><strong>concipiunt;</strong></span> <span class='ocrx_word' id='word_1_289' title='bbox 485 3871 544 3930; x_wconf 87' lang='lat' dir='ltr'><strong>sive</strong></span> <span class='ocrx_word' id='word_1_290' title='bbox 557 3871 613 3929; x_wconf 88' lang='lat' dir='ltr'><strong>illis</strong></span> <span class='ocrx_word' id='word_1_291' title='bbox 627 3891 710 3929; x_wconf 88' lang='lat' dir='ltr'><strong>omne</strong></span> <span class='ocrx_word' id='word_1_292' title='bbox 723 3869 884 3947; x_wconf 84' lang='lat' dir='ltr'><strong>perignem</strong></span> 
     </span>
     <span class='ocr_line' id='line_1_47' title="bbox 149 3949 927 4030; baseline -0.004 -21"><span class='ocrx_word' id='word_1_293' title='bbox 149 3950 326 4030; x_wconf 84' lang='lat' dir='ltr'><strong>llxcoquitur</strong></span> <span class='ocrx_word' id='word_1_294' title='bbox 338 3952 443 4010; x_wconf 80' lang='lat' dir='ltr'><strong>vitium</strong></span> <span class='ocrx_word' id='word_1_295' title='bbox 444 3955 552 4028; x_wconf 85' lang='lat' dir='ltr'><strong>‚atque</strong></span> <span class='ocrx_word' id='word_1_296' title='bbox 565 3951 671 4010; x_wconf 81' lang='lat' dir='ltr'><strong>exudat</strong></span> <span class='ocrx_word' id='word_1_297' title='bbox 684 3950 794 4008; x_wconf 84' lang='lat' dir='ltr'><strong>inutilis</strong></span> <span class='ocrx_word' id='word_1_298' title='bbox 807 3949 927 4020; x_wconf 60' lang='lat' dir='ltr'><strong>hamon</strong></span> 
     </span>
     <span class='ocr_line' id='line_1_48' title="bbox 609 4047 632 4091; baseline 0 0"><span class='ocrx_word' id='word_1_299' title='bbox 609 4047 632 4091; x_wconf 84' lang='grc'><strong>1)</strong></span> 
     </span>
    </p>
   </div>
   <div class='ocr_carea' id='block_1_3' title="bbox 0 0 1236 4260">
    <p class='ocr_par' dir='ltr' id='par_1_4' title="bbox 0 0 1236 4260">
     <span class='ocr_line' id='line_1_49' title="bbox 0 0 1236 4260; baseline 0 0"><span class='ocrx_word' id='word_1_300' title='bbox 0 0 1236 4260; x_wconf 95' lang='lat' dir='ltr'><strong> </strong></span> 
     </span>
    </p>
   </div>
  </div>
 </body>
</html>
