2446 4260
189 214 249 276 276
504 230 842 275 1’.ms1n11moms

193 374 232 432 In
244 375 395 451 partesque
407 374 483 451 rapit
496 374 596 444 varias,
608 393 713 451 perque
727 372 822 432 omnia
834 378 939 434 versat.

194 453 276 512 Sicut
289 472 369 531 aquae
382 455 537 512 tremulum
550 454 636 511 labris
650 454 699 512 ubi
712 453 809 512 lumen
823 454 922 514 ahenis

194 533 258 592 Sole
271 553 474 610 repercussum,
488 539 540 591 aut
552 533 689 592 radiantis
702 534 826 612 imagine
840 534 939 607 Lunae,

194 612 299 671 Omnia
311 613 464 690 pervolitat
477 614 535 672 late
544 614 614 685 loca,
623 613 740 691 jamque
754 615 807 672 sub
821 634 903 672 auras

194 691 335 770 Erigitur,
349 693 507 769 summique.
520 693 587 751 ferit
599 693 740 769 laquearia
752 694 833 752 tecti.
873 703 874 708 ’

194 772 262 830 Nox
275 775 345 844 erat,
358 775 389 831 et
401 776 491 831 terras
505 772 637 831 animalia
649 773 722 831 fessa
733 793 785 850 per
797 792 896 832 omnes

194 851 328 909 Alituum
341 853 536 930 pecudumque
549 873 639 929 genus
655 873 738 929 sopor
752 853 827 911 altus
841 853 982 911 habebat:

195 931 291 1002 Quum
304 941 386 1008 pater
398 931 429 989 in
442 931 503 1008 ripa
515 931 657 1009 gelidique
670 933 723 991 sub
736 933 851 990 aetheris
865 952 917 991 axe

194 1010 309 1082 AEneas,
322 1011 401 1069 tristi
413 1013 545 1070 turbatus
558 1016 674 1088 pectora
685 1012 768 1082 bell0,

195 1089 361 1162 Procubuit,
375 1111 520 1168 seramque
534 1091 612 1150 dedit
625 1112 675 1168 per
688 1092 815 1150 membra
827 1090 963 1169 quietem.

194 1169 274 1228 Huic
288 1170 356 1228 deus
369 1170 429 1247 ipse
442 1171 497 1229 loci
510 1170 597 1229 fluvio
611 1171 762 1229 Tiberinus
775 1191 887 1230 amoeno

196 1248 335 1327 Populeas
348 1250 424 1308 inter
437 1250 529 1310 senior
542 1271 572 1308 se
585 1251 715 1310 attollere
728 1251 841 1309 frondes

195 1327 298 1401 Visus3
318 1350 384 1388 eum
396 1330 491 1389 tenuis
505 1330 605 1407 glauco
618 1331 731 1389 velabat
744 1331 852 1389 amictu

196 1407 345 1481 (larbasus,
358 1413 389 1468 et
402 1410 492 1468 crines
505 1411 639 1468 umbrosa
652 1412 769 1487 tegebat
782 1409 907 1482 arundo;

195 1487 272 1546 'l'um
286 1488 326 1546 sic
339 1490 427 1561 affari,
440 1493 471 1549 et
484 1510 564 1548 curas
577 1489 622 1547 his
636 1490 747 1548 demere
760 1488 860 1548 dictis:

236 1572 252 1598 “
265 1567 290 1626 Ο
304 1572 365 1627 sate
377 1573 464 1647 gente
477 1570 570 1641 deum,
584 1570 736 1647 Trojanam
749 1590 783 1628 ex
796 1569 927 1628 hostibus
940 1568 1039 1628 urbem

196 1647 254 1718 Qui
266 1649 377 1707 revehis
390 1649 480 1720 nobis,
494 1655 655 1726 aeternaque
669 1650 809 1726 Pergama
822 1669 925 1721 servas,

73 1767 77 1773 -
130 1766 140 1789 .
195 1727 370 1805 Exspectate
383 1730 443 1788 solo
457 1729 594 1788 Laurenti
608 1729 737 1806 arvisque
751 1728 872 1800 Latinis,

69 1871 72 1880 Ι
188 1806 256 1866 'Hic
269 1807 325 1865 tibi
337 1812 416 1867 certa
427 1809 537 1880 domus,
551 1809 629 1878 certi,
643 1828 679 1866 ne
693 1809 806 1879 absiste,
819 1811 953 1886 penates3

195 1885 264 1945 Neu
276 1887 344 1946 belli
356 1892 461 1948 terrere
474 1888 567 1947 minis.
608 1888 716 1946 Tumor
729 1888 821 1947 omnis
834 1892 865 1947 et
877 1888 928 1946 irae

197 1965 365 2027 Concessere
379 1970 472 2027 deum.

197 2044 320 2125 Jamque
333 2047 396 2121 tibi,
409 2069 445 2106 ne
458 2068 531 2106 vana
543 2053 626 2125 putes
639 2049 701 2106 haec
714 2047 820 2125 fingere
832 2066 974 2119 somnum,

197 2125 320 2186 Litoreis
332 2127 433 2205 ingens
447 2128 564 2186 inventa
577 2129 630 2187 sub
643 2127 754 2187 ilicibus
768 2147 824 2199 sus,

197 2205 331 2284 Triginta
343 2208 470 2284 capitum
483 2208 558 2266 fetus
572 2207 662 2280 enixa,
671 2206 795 2286 jacebit3

196 2285 280 2357 Alba,
294 2287 353 2345 solo
366 2287 511 2358 recubam,
524 2288 582 2345 albi
594 2288 698 2346 circum
713 2287 800 2345 ubera
812 2285 883 2343 nati.

197 2364 256 2423 Hic
269 2367 347 2425 locus
360 2367 439 2424 urbis
452 2367 515 2437 erit,
529 2368 638 2443 requies
652 2388 685 2425 ea
697 2370 775 2425 certa
786 2366 935 2423 laborum:

197 2444 244 2502 Ex
257 2465 313 2522 quo
326 2449 371 2504 ter
384 2446 462 2505 denis
476 2447 574 2505 urbem
589 2447 771 2505 redeuntibus
785 2445 866 2503 annis

196 2525 336 2584 Ascanius
350 2526 418 2584 clari
432 2527 534 2585 condet
548 2527 724 2603 cognominis
737 2526 851 2583 Albam.

195 2604 286 2664 Haud
299 2606 408 2664 incerta
421 2626 499 2664 cano.
540 2606 627 2665 Nunc
642 2627 697 2683 qua
709 2606 819 2663 ratione
833 2603 910 2682 quod
922 2603 1015 2662 instat
1093 2636 1095 2640 =

196 2683 338 2761 Expedias
351 2686 452 2758 victor,
465 2686 569 2764 paucis,
584 2687 707 2758 adverte,
722 2686 835 2743 docebo.

195 2764 319 2823 Arcades
333 2766 378 2824 his
391 2766 456 2838 oris,
469 2787 559 2844 genus
573 2786 590 2824 a
603 2767 734 2824 Pallante
747 2765 915 2843 profectum,

196 2843 254 2914 Qui
266 2865 362 2922 regem
376 2846 543 2904 Evandrum
557 2846 683 2917 comites,
698 2845 747 2921 qui
761 2845 843 2922 signa
855 2842 955 2914 secuti,

196 2922 334 3001 Delegere
347 2926 449 2998 locum,
463 2930 493 2984 ct
506 2946 623 3004 posuere
637 2926 667 2983 in
680 2925 826 2983 montibus
839 2923 949 2994 urbem,

197 3002 336 3062 Pallantis
348 3005 446 3082 proavi
459 3006 494 3064 de
507 3005 622 3063 nomine
635 3005 833 3063 Pallanteum:

196 3081 240 3139 Hi
253 3084 359 3142 bellum
372 3085 483 3143 assidue
496 3086 607 3143 ducunt
620 3105 685 3143 cum
699 3087 786 3162 gente
800 3082 923 3156 Latina3

196 3161 261 3220 Hos
275 3164 374 3222 castris
388 3165 490 3223 adhibe
504 3165 602 3237 socioS,
616 3168 646 3223 et
659 3165 764 3222 foedera
773 3163 872 3240 junge.

196 3241 263 3318 Ipse
276 3263 329 3320 ego
342 3248 373 3302 te
386 3245 454 3321 ripis
467 3249 497 3303 et
511 3249 588 3303 recto
602 3244 719 3302 flumine
733 3244 843 3314 ducam,

195 3321 356 3381 Adversum
368 3324 454 3383 remis
467 3344 580 3401 superes
593 3325 746 3382 subvectus
759 3326 794 3380 ut
807 3341 929 3379 amnem.

196 3401 287 3480 Surge
301 3423 362 3480 age,
375 3408 443 3462 nate
456 3404 524 3476 dea;
544 3404 698 3481 primisque
711 3402 877 3461 cadentibus
890 3400 975 3459 astris

195 3481 307 3541 «lunoni
319 3484 362 3541 fer
374 3484 429 3542 rite
442 3503 545 3560 preceS,
559 3483 687 3559 iramque
700 3482 846 3558 minasque

196 3561 376 3639 Supplicibus
389 3584 490 3640 supera
502 3563 586 3622 votis.
627 3563 705 3621 Mihi
719 3563 810 3620 victor
823 3561 961 3618 honorem

195 3641 351 3701 Persolves.
391 3644 456 3722 Ego
470 3663 542 3715 sum,
555 3643 639 3720 pleno
653 3663 737 3720 quem
750 3642 867 3699 flumine
881 3639 972 3698 cernis

195 3720 392 3800 stringentem
404 3725 488 3800 ripas,
501 3731 531 3781 ct
544 3722 662 3800 pinguia
675 3723 754 3781 culta
766 3723 918 3792 secantem,

195 3798 338 3861 Caeruleus
353 3804 485 3881 Thybris,
500 3803 570 3862 coelo
584 3803 763 3880 gratissimus
777 3800 876 3859 amnis.

191 3881 253 3944 Hic
267 3884 342 3944 mihi
354 3905 462 3965 magna
474 3884 587 3955 domus,
598 3882 680 3941 celsis
692 3885 778 3957 caput
786 3881 915 3949 urbibus,
926 3877 1018 3937 exit.'’

229 3967 331 4046 Dixit,
345 3968 452 4030 deinde
461 3967 533 4028 lacu
540 3963 670 4025 Pluvius
680 3981 713 4019 sa
725 3958 854 4016 condidit
863 3957 936 4023 ahto,
