2370 4260
449 120 591 164 HEDOS
604 121 667 162 m.
680 120 718 161 II.

131 254 290 322 Dardanium
302 263 390 322 toties
403 263 512 322 sudarit
525 263 661 341 sanguine
673 261 766 322 litus?

132 335 193 399 Non
203 343 247 401 ita.
285 344 429 420 Namque,
441 344 496 402 etsi
509 343 620 401 nullum
632 341 812 401 memorabile
825 361 928 402 nomen

134 414 251 482 Feminea
262 423 293 481 in
305 444 391 500 poeua
403 425 447 482 est
460 443 512 482 nec
524 423 612 482 habet
625 423 743 481 victoria
755 422 875 493 laudem,

134 495 293 562 Exstmxime
306 503 385 561 nefas
397 505 495 562 tamen
508 507 538 562 et
553 502 685 561 sumsisse
698 505 839 560 merentes

135 574 265 641 Iaudabor
277 603 393 661 poeuas;
413 584 594 660 animumque
607 583 730 660 explesse
738 581 852 659 juvabit

136 654 235 720 Ultrieis
246 663 379 735 flammae,
392 665 423 722 et
436 663 541 722 cineres
555 662 671 720 satiasse
683 681 819 720 meorum.

137 735 202 799 Talia
207 742 356 820 jactabam,
370 745 400 801 et
413 743 518 800 firriata
529 745 626 800 mente
638 742 746 800 ferebar
754 741 775 818 3]

84 866 87 895 ,
138 816 213 889 Quum
226 822 296 880 mihi
309 842 347 893 se,
360 842 419 881 non
432 825 499 880 ante
513 822 600 880 ocrrlis
612 825 675 880 tam
688 821 770 892 clara,
783 819 933 879 videndam

84 909 86 913 '
138 896 240 973 Obtulit,
253 905 283 961 et
295 922 368 979 pura
379 904 556 979 pernoctem
569 901 601 958 in
613 901 675 959 luce
687 901 797 959 refulsit

84 1022 86 1026 .
137 976 208 1038 Alma
217 1001 324 1058 parens,
338 982 466 1040 confessa
477 981 567 1052 deam,
582 981 726 1058 qualisque
738 979 827 1038 videri

138 1055 257 1120 Celicolis
270 1065 300 1121 et
315 1064 423 1138 quanta
435 1060 523 1131 solet3
543 1060 696 1138 dextraque
709 1061 879 1136 prehensum

137 1135 276 1212 continuit,
289 1160 425 1216 roseoque
437 1140 499 1199 haec
512 1140 626 1218 insuper
639 1139 749 1199 addidit
762 1160 825 1199 ore:

136 1217 221 1292 ‘Nate
234 1221 296 1298 quis
309 1220 462 1280 indomitas
474 1222 575 1278 tantus
589 1219 668 1278 dolor
681 1220 787 1278 excitat
799 1216 878 1277 iras?

136 1295 198 1368 Quid
208 1300 298 1361 furis?
319 1303 370 1359 aut
383 1320 505 1378 quonam
517 1299 609 1358 nostri
621 1298 677 1357 tibi
689 1319 756 1358 cura
768 1296 906 1358 recessit?

134 1374 192 1435 Non
201 1381 275 1457 prim
288 1379 413 1458 aspicies,
425 1379 476 1438 ubi
488 1380 592 1438 fessum
606 1382 693 1441 aetate
705 1382 851 1456 parentem

135 1454 246 1534 liqueris
257 1458 428 1519 Anchisen?
448 1461 561 1537 superet
573 1459 711 1536 coujuxne
725 1458 838 1530 Oreiisa,

135 1536 310 1618 Ascaniusque
322 1537 416 1617 puer?
436 1559 506 1617 quos
519 1559 616 1598 omnes
629 1538 754 1616 undique
767 1538 862 1598 Graiae

137 1613 233 1676 Circum
245 1624 341 1678 errant
354 1619 435 1690 acies,
448 1622 487 1690 et,
499 1619 531 1677 ni
543 1638 607 1677 mea
619 1639 687 1677 eura
699 1618 822 1689 resistat,

137 1693 194 1755 Jam
202 1699 319 1758 dammae
331 1698 459 1770 tiderint,
472 1697 603 1756 inimicus
617 1701 647 1756 et
659 1698 786 1756 hauserit
799 1696 881 1756 ensis.

138 1771 194 1834 Non
203 1779 254 1837 tibi
266 1778 437 1857 Tyndaridis
450 1777 534 1837 facies
546 1777 639 1836 invisa
652 1777 790 1849 Lacaenae,

141 1851 291 1934 Culpatusve
304 1858 403 1930 Paris3
422 1857 520 1916 divum
532 1857 720 1929 inclementia,
733 1857 840 1927 divum,

142 1929 191 1994 llas
200 1939 299 1998 evertit
312 1958 387 2016 opes,
401 1937 558 2016 sternitque
571 1958 588 1996 a
601 1937 722 1996 culmine
736 1937 859 2014 Trojam.

142 2011 922 2158 dtaffitdl'dtnllll'lllltllfflffi

146 2167 241 2254 Caliga,
253 2178 360 2236 nubem
373 2176 505 2254 eripiam:
526 2142 560 2235 ti
573 2196 609 2234 ne
622 2196 678 2253 qua
690 2176 815 2253 parentis

145 2245 210 2315 Jssssa
220 2258 299 2329 time,
313 2277 369 2315 neu
381 2257 529 2334 praeceptis
540 2276 637 2334 parere
650 2275 756 2314 recusa.

144 2322 193 2407 Hie,
204 2339 249 2396 ubi
263 2337 394 2414 disjectas
408 2336 495 2396 moles
509 2337 659 2413 avulsaque
673 2335 746 2393 saxis

142 2403 198 2473 Sara
207 2418 293 2490 vides,
305 2417 452 2494 mixtoque
464 2417 621 2475 undantem
634 2415 748 2492 pulvere
761 2414 881 2484 fumum,

140 2479 274 2571 Neptunus
287 2516 384 2554 muros
397 2515 555 2574 magnoque
568 2499 664 2554 emota
675 2493 794 2552 tridenti

138 2557 322 2636 Fnodamenta
335 2577 437 2652 quatit,
449 2579 597 2652 totamque
611 2576 646 2633 ab
660 2574 771 2632 sedibus
784 2571 884 2629 urbem

135 2635 216 2714 Ilruit.
255 2655 315 2715 Hie
328 2654 350 2713 J
351 2675 408 2715 uno
421 2656 511 2714 Scaeas
524 2655 675 2714 sevissima
686 2656 783 2730 portas

132 2715 219 2794 Pr'una
229 2738 320 2806 tenet,
334 2736 496 2813 sociumque
508 2735 603 2793 furens
617 2733 765 2793 anavibus
778 2751 881 2810 agmen

129 2794 210 2874 Ferro
222 2815 349 2875 accincta
360 2817 453 2874 vocat.

127 2874 192 2952 ‘lam
204 2915 329 2953 summos
343 2914 419 2953 arces
432 2893 569 2964 Tritonia,
582 2892 696 2970 respice,
711 2891 805 2949 Pallas

124 2953 240 3048 Insedit,
254 2975 353 3033 nimbo
366 2974 502 3051 effulgens
515 2977 546 3032 et
560 2973 693 3051 Gorgone
705 2991 788 3041 saeva,

121 3032 191 3119 Ipse
203 3055 289 3114 Pater
302 3054 410 3112 Danais
423 3055 531 3112 animos
544 3054 671 3130 viresque
685 3051 820 3110 secundas

120 3113 248 3207 Sufficit,
267 3135 328 3212 ipse
341 3134 407 3192 aas
419 3134 451 3192 in
463 3132 827 3192 amalasuentam.

119 3191 219 3290 Eripe,
230 3218 306 3286 nate,
320 3214 427 3292 fugam,
440 3214 582 3290 finemque
594 3213 707 3289 impone
720 3211 818 3269 labori.

117 3270 273 3378 Npsquam
285 3294 378 3365 abero,
391 3296 422 3352 et
434 3296 533 3351 tutum
545 3292 638 3369 patrio
650 3294 681 3350 te
693 3291 790 3349 limine
803 3287 920 3349 sistam’

117 3350 259 3446 Duerae;
279 3377 309 3432 et
323 3373 418 3451 spissis
431 3373 524 3432 noctis
537 3392 567 3431 se
580 3371 707 3432 condidit
720 3371 837 3429 umbris.

116 3436 270 3529 Apparere
283 3454 352 3512 dirae
364 3453 457 3525 facien
470 3452 638 3529 inimicaque
651 3451 744 3529 Trojae

116 3511 252 3592 Numina
263 3553 369 3611 magna
381 3533 474 3592 deum

173 3612 263 3672 “'l'um
276 3634 343 3672 vero
357 3633 440 3672 omne
452 3612 524 3670 mihi
536 3611 630 3669 visum
643 3610 786 3670 considere
798 3608 829 3665 in
840 3606 921 3684 ignes

118 3669 222 3764 Ilium,
235 3698 264 3752 et
276 3714 312 3752 ex
323 3693 382 3751 imo
394 3692 468 3752 verti
480 3692 630 3769 Neptrmia
642 3691 743 3769 Troja;

119 3756 181 3823 Ae
189 3773 266 3829 velati
275 3772 395 3830 summis
404 3772 552 3848 antiquam
565 3772 597 3831 in
610 3773 763 3833 montibus
775 3790 883 3831 ornum

112 3831 206 3902 Quam
215 3849 289 3905 tem
299 3849 420 3908 accisam
433 3852 600 3933 crebrisque
615 3855 795 3938 bipennibus
808 3855 929 3920 instant
