2446 4260
137 199 175 256 16
439 213 620 256 ι.ιιιιιιιιιι
633 213 776 258 mmm

136 355 229 433 AEgle,
243 354 388 413 Naiadum
400 354 634 433 pulcherrima;
621 376 738 434 Jamque
750 357 861 416 videnti

135 435 303 512 sanguineis
316 436 440 494 frontem
453 435 538 494 moris
552 439 582 494 et
595 437 764 512 tempora
736 457 786 529 pin

136 513 190 573 Ille
203 515 300 573 dolum
312 515 437 587 ridens,‘
440 516 519 587 ‘Quo
531 515 644 574 vincula
656 516 820 575 nectitis''
786 437 851 579 {11⁵3
842 517 947 594 inquit.

135 594 269 652 “Solvite
282 613 328 652 me
330 595 447 671 ‚pueri;
467 595 536 652 satis
549 598 593 653 est
606 595 732 672 potuisse
744 596 843 655 videri

135 673 276 745 Carmina,
290 694 352 750 quae
364 674 452 732 vultis
454 674 652 779 ,cognoscite3
673 675 797 734 carmina
809 676 899 748 vobis,

136 752 215 812 Huic
229 720 306 811 aliid
317 754 454 812 mercedis
466 753 551 812 eritss‘
593 754 684 811 Simul
696 754 819 832 incipit
811 777 879 834 1pse.

136 833 213 891 Tum
226 833 336 892 veroin
349 853 499 892 numerum
514 833 682 911 Faunosque
695 833 823 912 ferasque
835 835 944 894 videres

137 912 258 985 Ludere,
272 918 337 971 tum
349 913 455 990 rigidas
467 916 578 971 motare
591 913 737 972 cacumina
750 934 877 991 quercus.

135 992 199 1052 Neo
212 958 328 1051 teritum
342 993 452 1051 Phoebo
465 994 572 1084 gaudet
585 992 720 1051 Parnasia
732 1014 833 1071 rupes;

135 1073 167 1128 N
168 1092 199 1131 eo
211 1075 328 1131 tantum
341 1073 480 1150 Rhodope
493 1072 634 1130 mirantur
645 1076 676 1130 et
690 1073 816 1131 Ismarus
830 1073 951 1150 Orphea

175 1152 308 1229 Namque
321 1152 448 1223 canebat,
461 1152 506 1210 uti
519 1171 656 1228 magnum
668 1172 718 1229 per
731 1153 814 1210 inane
827 1156 925 1211 coacta

134 1231 248 1290 Semina
260 1234 460 1323 terrarumque·
467 1230 622 1308 animaeque
634 1233 775 1309 marisque
787 1232 907 1291 fuissent

136 1312 179 1369 Et
191 1310 291 1388 liquidi
304 1311 409 1368 simul
401 1311 492 1387 ignis:
513 1313 548 1369 ut
560 1311 605 1369 his
619 1311 732 1369 exordia
744 1311 843 1388 primis

136 1391 248 1462 Omnia,
261 1391 364 1468 etipse
377 1393 457 1448 tener
471 1389 570 1447 mundi
582 1391 755 1449 concreverit
768 1392 859 1462 orbis,

136 1470 212 1528 Tum
225 1470 325 1529 durare
338 1470 429 1528 solum
442 1474 473 1528 et
486 1469 640 1528 discludere
653 1470 748 1528 Nerea
759 1474 849 1547 ponto

136 1549 270 1627 Coeperit,
284 1552 314 1608 et
326 1570 421 1608 rerum
435 1549 573 1626 paulatim
586 1569 695 1608 sumere
708 1550 829 1621 formas3

135 1629 259 1706 Jamque
272 1650 379 1688 novum
391 1633 474 1688 terrae
487 1632 621 1706 stupeant
633 1629 771 1687 lucescere
785 1630 881 1701 solem,

135 1709 232 1767 Altius
242 1713 327 1787 atque
341 1709 443 1767 cadant
456 1708 595 1766 submotis
608 1709 730 1767 nubibus
743 1709 863 1780 imbres;

135 1788 279 1866 Incipient
292 1788 369 1846 silvae
382 1808 471 1865 quum
483 1787 607 1865 primum
620 1807 742 1865 surgere,
755 1809 898 1866 quumque

135 1867 213 1926 Rara
225 1888 274 1944 per
286 1868 400 1945 ignotos
414 1871 509 1925 errent
522 1867 653 1924 animalia
665 1871 786 1926 montes

134 1947 214 2005 Hinc
226 1946 332 2023 lapides
346 1947 464 2024 Pyrrhae
473 1947 575 2024 jactos,
589 1947 722 2005 Saturnia
733 1968 829 2025 regna,

135 2026 337 2103 Caucasiasque
350 2027 436 2084 refert
449 2027 584 2097 volucres,
598 2027 761 2103 furtumque
775 2028 948 2086 Promethei.

133 2106 192 2164 His
205 2106 344 2184 adjungit,
358 2106 459 2183 Hylan
472 2108 567 2164 nautae
581 2126 636 2182 quo
649 2106 729 2165 fonte
741 2107 874 2165 relietum

134 2185 319 2257 clamassent,
333 2189 367 2243 ut
379 2186 458 2257 litus,
472 2191 488 2217 “
497 2186 587 2263 Hyla,
600 2185 709 2263 Hyla,’'
725 2206 808 2244 omne
821 2189 949 2258 sonaret;

134 2266 177 2323 Et
189 2267 373 2337 fortunatam,
387 2266 411 2323 si
423 2285 569 2342 nunquam
581 2268 710 2323 armenta
722 2265 851 2338 fuissent,

135 2345 296 2423 Pasiphaen
309 2346 385 2403 nivei
398 2345 505 2403 solatur
518 2365 612 2403 amore
621 2345 744 2422 juvenci.

134 2426 183 2483 Ah
195 2425 277 2502 virgo
290 2425 396 2496 infelix,
410 2446 472 2501 quae
485 2429 515 2482 te
529 2424 672 2483 dementia
684 2425 775 2501 cepit!

133 2504 274 2564 Proetides
287 2505 441 2583 implerimt
454 2505 531 2562 falsis
544 2504 703 2581 mugitibus
716 2524 815 2580 agros3

134 2585 176 2643 At
188 2606 246 2643 non
259 2587 321 2643 tam
333 2587 430 2661 turpes
444 2585 584 2661 pecudum
596 2587 694 2642 tamen
706 2583 765 2641 ulla
778 2587 875 2642 secuta
888 2587 932 2643 est

133 2663 317 2736 Concubitus,
331 2664 458 2741 quamvis
472 2664 544 2722 collo
557 2663 700 2722 timuisset
713 2667 847 2734 aratrmu,

132 2743 176 2802 Et
189 2763 261 2821 saepe
273 2744 305 2802 in
317 2744 372 2802 levi
386 2744 531 2821 quaesisset
545 2763 649 2802 cornua
662 2743 764 2802 fronte.

131 2823 181 2880 Ah
193 2823 275 2900 virgo
287 2823 393 2896 infelix,
406 2828 441 2882 tu
453 2845 529 2882 nuno
542 2824 573 2881 in
585 2822 731 2881 montibus
744 2842 835 2882 erras:

133 2901 195 2975 Ille,
208 2903 284 2961 latus
297 2904 411 2962 niveum
426 2904 506 2962 molli
517 2905 607 2962 fultus
620 2903 786 2981 hyacintho,

133 2981 204 3040 Ilice
217 2984 270 3041 sub
283 2983 366 3060 nigra
378 2982 517 3059 pallentes
529 2984 657 3041 ruminat
669 2983 780 3053 herbas,

133 3061 195 3120 Aut
208 3062 331 3140 aliquam
343 3063 374 3119 in
387 3082 491 3140 magno
505 3063 633 3140 sequitur
645 3083 740 3141 grege.
765 3061 905 3132 Claudite,
916 3060 1066 3137 Nymphae

132 3141 251 3200 Dictaeae
264 3142 417 3219 Nymphae,
431 3162 579 3201 nemorum
587 3143 649 3220 jam
661 3142 784 3201 claudite
797 3141 895 3212 saltus,

133 3221 164 3279 Si
177 3241 233 3298 qua
244 3221 318 3279 forte
330 3222 423 3280 ferant
437 3223 524 3280 oculis
537 3242 597 3281 sese
610 3223 693 3281 obvia
704 3221 810 3280 nostris

132 3301 302 3359 Errabunda
314 3301 394 3360 bovis
407 3302 545 3378 vestigia:
565 3302 685 3360 forsitan
697 3302 787 3372 illum,

132 3381 195 3439 Aut
207 3381 296 3439 herba
308 3384 425 3459 captum
437 3381 529 3453 viridi,
544 3384 594 3440 aut
607 3384 736 3439 armenta
749 3383 887 3450 secutum,

132 3460 294 3519 Perducant
308 3461 408 3538 eh'quae
421 3462 533 3519 stabula
546 3462 582 3519 ad
595 3460 736 3538 Cortynia
748 3479 847 3518 vaccae.

133 3540 210 3599 Tum
221 3542 299 3599 canit
315 3541 505 3618 Hesperidum
517 3541 649 3599 miratam
661 3541 736 3599 mala
748 3539 887 3617 puellam:

132 3620 206 3677 Tum
219 3621 465 3679 Phaethontiadas
478 3641 576 3679 museo
589 3620 745 3679 circumdat
759 3640 860 3678 amarae

133 3698 254 3758 Corticis
256 3703 362 3778 ,atque
376 3701 435 3759 solo
448 3716 576 3778 proceras
590 3700 674 3778 erigit
687 3700 783 3758 alnos:

132 3779 209 3837 Tum
221 3780 307 3853 canit,
322 3783 463 3839 errantem
476 3780 617 3838 Permessi
629 3780 666 3838 ad
679 3778 797 3837 flumina
810 3777 927 3836 Gallum

132 3859 250 3917 Aonas
241 3880 273 3916 m
286 3826 399 3918 montes
412 3862 446 3917 ut
459 3858 571 3917 duxerit
583 3879 642 3917 una
654 3879 798 3929 sororum;

132 3939 271 4018 thue
244 3959 305 3998 vno
319 3939 423 3999 Phoebi
435 3940 536 4000 chorus
550 3939 732 3998 assurrexerit
746 3937 854 4008 omnis;
