2446 4260
484 235 624 280 ambos
638 237 700 280 LIB.
715 237 752 278 11.

161 359 239 514 nepta
249 379 342 458 sequi:
363 399 425 457 qua
438 378 478 438 sit
490 379 711 473 rebusfortuna,
722 378 841 472 videtis:

161 459 875 617 Rffiffiqnpqflfflwqffinffiffiffl
888 541 951 600 urbi

162 610 292 678 lucensae:
313 620 468 678 moriamur
480 623 510 678 ct
522 619 553 678 in
566 620 659 678 media
671 639 749 678 arma
761 640 885 678 ruamus.

161 694 218 757 Una
229 700 303 758 salus
316 699 400 758 victis
413 699 521 758 nullam
533 719 643 777 sperare
656 699 795 757 salutem’

159 777 198 836 Sic
210 780 310 839 animis
318 779 457 857 juvenum
470 779 548 838 furor
560 780 682 838 additus.
723 778 804 852 Inde,
817 778 878 857 lupi
891 798 942 838 ceu

155 857 290 935 Raptores
304 864 367 918 atra
378 859 409 917 in
422 859 532 930 nebula,
545 879 615 935 quos
627 859 756 936 improba
767 859 875 918 ventris

153 937 259 1016 Exegit
272 959 359 998 cascos
372 938 471 1012 rabies,
485 939 625 1015 catulique
637 939 729 997 relicti

152 1017 292 1077 Faucibus
306 1021 471 1095 exspectant
484 1019 564 1077 siccis
576 1043 583 1090 3
602 1038 652 1096 per
664 1018 732 1089 tela,
744 1038 795 1095 per
806 1018 904 1077 hostes

150 1097 287 1156 Vadimus
299 1097 377 1156 haud
390 1097 505 1156 dubiam
517 1099 548 1156 in
560 1102 691 1170 mortem,
704 1097 861 1174 mediaeque
873 1102 1002 1157 tenemus

150 1177 237 1235 Urbis
250 1178 323 1236 iter:
344 1197 401 1236 nox
413 1180 476 1235 atra
489 1197 556 1236 cava
569 1177 752 1236 circumvolat
765 1179 874 1236 umbra.

150 1257 219 1328 Quis
233 1257 343 1316 cladem
354 1256 430 1314 illius
443 1258 543 1328 noctis,
556 1257 619 1334 quis
632 1258 731 1314 funera
742 1257 827 1316 fando

148 1336 292 1414 Explicet,
306 1339 358 1395 aut
369 1337 461 1414 possit
472 1337 593 1395 lacrimis
607 1357 716 1413 aequare
728 1335 860 1396 labores?

149 1415 226 1475 Urbs
239 1416 360 1494 antiqua
371 1416 439 1488 ruit,
451 1417 558 1475 multos
571 1416 717 1475 dominata
728 1436 778 1492 per
790 1436 894 1475 annos:

149 1494 280 1555 Plurima
291 1515 398 1574 perque
409 1496 469 1554 vias
482 1499 649 1555 sternuntur
661 1495 764 1554 inertia
776 1495 881 1572 passim

150 1574 285 1654 Corpora,
297 1595 403 1654 perque
415 1576 522 1648 domos,
536 1580 565 1635 et
578 1575 709 1653 religiosa
722 1576 837 1634 deorum

148 1653 274 1714 Irimins.
315 1655 379 1715 Nec
392 1655 445 1714 soli
456 1676 553 1733 poenas
567 1656 637 1713 dant
650 1655 786 1732 sanguine
799 1654 916 1727 Teucri3

150 1734 305 1807 Quondam
317 1735 404 1795 etism
416 1736 499 1794 victis
513 1735 587 1794 redit
599 1735 631 1793 in
643 1735 798 1813 praecordia
809 1735 910 1806 virtus,

149 1812 338 1893 Victoresque
351 1815 456 1874 cadunt
470 1815 573 1874 Danai.
614 1814 741 1872 Crudelis
754 1814 858 1890 ubique

150 1892 271 1968 Inatos,
284 1894 390 1974 ubique
402 1914 498 1972 pavor,
511 1898 541 1954 et
553 1893 677 1972 plurima
689 1894 789 1952 mortis
802 1893 905 1970 imago.

184 1975 333 2034 “Primus
347 1995 385 2047 se,
398 1975 531 2034 Danaum
544 1994 648 2052 magna
660 1973 814 2032 comitante
828 1977 948 2046 caterva,

151 2053 322 2133 Androgeus
336 2055 419 2114 offert
431 2054 521 2126 nobis,
532 2053 607 2112 socia
619 2052 733 2131 agmina
745 2053 859 2111 credens

152 2132 274 2208 Inscius,
289 2137 374 2213 atque
386 2135 464 2192 ultro
476 2134 569 2192 verbis
583 2133 732 2210 compellat
745 2131 858 2190 amicis:

151 2214 328 2287 ‘Festinata
340 2213 410 2273 viri:
431 2234 489 2273 non
502 2233 566 2291 quae
578 2216 640 2270 tam
653 2232 714 2270 sera
726 2215 854 2270 moratur

147 2292 320 2374 segnities?
340 2294 388 2352 alii
399 2293 514 2371 rapiunt
526 2294 640 2351 incensa
652 2292 802 2369 feruntque

144 2369 311 2454 Pergama:
331 2393 382 2431 vos
395 2373 476 2432 celsis
488 2393 563 2431 nunc
575 2372 701 2450 primum
713 2391 730 2429 a
742 2371 861 2428 navibus
874 2369 922 2427 itis
933 2368 946 2428 l

141 2449 237 2513 Dixit
248 2478 256 2525 ;
277 2455 308 2511 et
320 2453 592 2530 extemplo-neque
605 2451 681 2510 enim
693 2470 827 2528 responsa
839 2450 978 2510 dabantur

136 2528 225 2592 Fida
239 2532 439 2592 satis-sensit
451 2533 559 2592 medios
572 2531 699 2608 delapsus
712 2531 744 2588 in
756 2530 861 2588 hostes.

137 2612 322 2690 Obstupuit,
334 2615 466 2690 retroque
478 2612 579 2690 pedem
592 2631 658 2670 cum
669 2630 738 2668 voce
750 2609 891 2686 repressit.

131 2689 349 2771 Improvisum
362 2693 450 2770 aspris
462 2692 553 2750 veluti
566 2691 615 2768 qui
627 2690 754 2750 sentibus
768 2709 890 2767 anguem

131 2769 265 2832 Pressit
279 2771 361 2830 humi
373 2771 477 2844 nitens,
490 2771 672 2848 trepidusque
685 2772 801 2847 repente
814 2768 920 2846 refugit

130 2851 348 2912 Attollentem
360 2850 424 2924 iras,
438 2855 467 2911 et
481 2851 581 2910 caerula
593 2850 665 2910 colla
676 2851 853 2908 tumentem:

131 2930 245 2991 Haud
258 2951 338 2990 secus
350 2931 519 3009 Androgeus
532 2931 596 2988 visu
608 2930 791 2989 tremefactus
805 2928 910 2987 abibat.

134 3009 305 3082 Inruimus,
319 3011 412 3069 densis
426 3014 456 3070 et
469 3009 720 3070 circumfimdimur
732 3007 817 3066 armis
827 3031 834 3079 ;

134 3088 333 3169 Ignarosque
345 3090 400 3150 loci
412 3091 517 3168 passim
531 3093 560 3149 et
573 3089 722 3148 formidine
735 3090 833 3164 captos

138 3169 325 3230 Sternimus.
365 3170 482 3247 Aspirat
495 3169 586 3247 primo
598 3169 713 3227 fortuna
725 3166 823 3225 labori.

138 3251 254 3327 Atque
266 3248 314 3308 hic
327 3269 456 3309 successu
469 3249 612 3308 exsultans
625 3248 780 3325 animisque
794 3244 938 3317 Coroebus,

143 3330 199 3388 ‘0
214 3328 292 3400 socii,
306 3349 363 3406 qua
373 3329 482 3407 prima,’
496 3328 599 3406 inquit,
613 3328 744 3387 ‘fortuna
756 3325 854 3384 salutis

145 3408 306 3466 Monstrat
318 3409 382 3481 iter,
396 3429 505 3487 quaque
518 3408 643 3468 ostendit
657 3427 687 3466 se
700 3408 807 3477 dextra,
821 3423 986 3481 sequamur:

148 3488 308 3547 Mutamus
322 3489 433 3565 clipeos,
449 3490 634 3565 Danaumque
646 3486 770 3564 insignia
782 3485 863 3543 nobis

152 3568 309 3645 Aptemus.
348 3568 449 3641 Dolus,
463 3589 499 3627 an
512 3568 612 3638 virtus,
626 3567 688 3645 quis
701 3567 732 3624 in
744 3566 827 3623 hoste
840 3560 990 3639 requirat?

154 3648 248 3706 Arma
260 3647 370 3707 dabunt
383 3649 455 3726 ipsi’
497 3648 542 3706 Sic
556 3648 641 3718 fatus,
655 3645 755 3704 deinde
768 3644 929 3703 comantem

159 3727 305 3805 Androgei
317 3727 429 3806 galeam
440 3727 576 3806 clipeique
589 3726 701 3804 insigne
714 3725 847 3783 decorum

159 3805 304 3879 Induitur‚
316 3807 453 3884 laterique
466 3808 607 3886 Argivum
620 3804 814 3865 accommodat
826 3820 931 3859 ensem.

162 3884 227 3946 Hoc
239 3886 379 3965 Rhipeus,
391 3888 446 3946 hoc
458 3887 518 3965 ipse
531 3887 651 3965 Dymas,
664 3884 810 3960 omnisque
819 3881 955 3959 juventus

163 3963 246 4026 Irata
256 3967 343 4042 facit3
363 3967 459 4046 spoliis
472 3988 502 4027 se
515 3967 632 4046 quisque
644 3963 803 4025 recentibus
816 3963 918 4020 armat.

950 2369 956 2394 θ
