2446 4260
134 195 191 253 148
436 204 617 248 nvrncmn
630 203 772 247 unnours

134 349 299 410 Coelicolum
312 347 373 427 regi
385 348 545 407 mactabam
557 346 588 405 in
600 347 684 406 litore
696 349 822 405 taurum.

134 431 223 489 Forte
236 430 291 488 suit
300 429 385 508 juxta
396 429 533 498 tumulus,
547 447 603 504 quo
616 447 717 485 cornea
730 447 843 485 summo

134 510 277 588 Virgulta‚
290 513 320 568 et
334 508 427 567 densis
436 507 586 566 hastilibus
599 506 714 564 horrida
725 509 849 585 myrtus.

135 590 265 661 Accessi;
285 589 458 665 viridemque
471 589 507 646 ab
519 587 608 645 humo
621 586 776 645 convellere
789 587 892 645 silvam

136 670 271 740 Conatus,
284 668 370 726 ramis
382 672 509 745 tegerem
521 671 556 724 ut
568 666 765 725 frondentibus
779 686 850 739 aras,

136 749 320 808 Horrendum
333 751 363 806 et
377 747 456 805 dictu
468 747 550 805 video
563 745 691 804 mirabile
704 749 875 805 monstrum.

136 829 215 887 Nam
228 849 288 905 quae
301 827 392 905 prima
404 827 464 885 solo
476 826 568 903 ruptis
581 825 722 884 radicibus
735 825 818 884 arbos

137 909 268 979 Vellitur,
282 907 349 965 huic
362 910 425 965 atro
437 906 586 984 liquuntur
598 905 736 982 sanguine
748 908 852 984 guttas,

88 1020 91 1025 ·
136 988 179 1046 Et
191 992 298 1046 terram
310 987 378 1045 tabo
390 986 543 1044 maculant.
584 984 661 1042 Mihi
674 985 793 1062 frigidus
806 985 908 1043 horror

138 1067 270 1126 Membra
283 1066 386 1144 quatit,
399 1065 563 1143 gelidusque
577 1064 635 1123 coit
648 1064 798 1123 formidine
811 1064 936 1144 sanguis.

138 1147 249 1205 Rursus
263 1149 293 1205 et
306 1145 421 1204 alterius
434 1147 545 1203 lentum
558 1144 713 1203 convellere
725 1144 821 1202 vimen

139 1227 285 1304 Insequor,
299 1228 329 1284 et
342 1245 439 1284 causas
451 1225 566 1303 penitus
578 1227 690 1282 tentare
703 1224 842 1296 latentes;

138 1308 211 1365 Ater
224 1309 254 1365 εὴ
268 1305 383 1364 alterius
396 1305 524 1382 sequitur
536 1305 571 1362 de
584 1304 688 1362 cortice
701 1303 825 1381 sanguis.

139 1386 237 1445 Multa
248 1405 364 1444 movens
378 1385 481 1456 animo,
494 1384 648 1462 Nymphas
662 1384 816 1442 venerabar
828 1384 964 1460 agrestes,

139 1465 351 1542 Gradivumque
364 1468 475 1542 patrem
488 1463 597 1522 Geticis
610 1463 659 1540 qui
672 1463 805 1539 praesidet
819 1463 902 1534 arvis,

139 1545 209 1604 Rite
222 1545 408 1604 secundarent
420 1545 506 1614 visus,
520 1562 657 1619 omenque
670 1543 805 1601 levarent.

138 1624 238 1684 Tertia
251 1625 301 1683 sed
313 1627 465 1701 postquam
477 1624 583 1701 majore
595 1622 710 1680 hastilia
722 1622 788 1680 nisu

140 1705 307 1783 Aggredior,
321 1704 494 1782 genibusque
508 1704 632 1760 adversae
646 1703 775 1761 obluctor
788 1720 896 1760 arenae:

139 1785 273 1861 Eloquar,
287 1804 324 1842 an
337 1783 457 1842 sileam?
477 1782 601 1860 gemitus
614 1781 794 1841 lacrimabilis
806 1781 866 1840 imo

139 1865 266 1923 Auditur
278 1864 399 1935 tumulo,
412 1866 442 1922 εὴ
455 1883 511 1921 vox
523 1862 634 1920 reddita
646 1861 738 1920 fertur
750 1862 786 1920 ad
799 1881 880 1920 aures
890 1886 897 1919 ε

141 1945 233 2017 ‘Quid
246 1943 389 2014 miserum,
402 1942 502 2013 AEnea,
514 1941 642 2000 laceras?
658 1942 720 2019 jam
733 1961 815 2018 parce
829 1940 957 2018 sepult03

141 2024 229 2083 Parce
241 2023 302 2101 pias
315 2023 448 2081 scelerare
461 2041 571 2079 manus.
611 2021 680 2079 Non
694 2041 739 2078 me
752 2021 808 2080 tibi
821 2020 908 2098 Troja

140 2105 302 2162 Externum
314 2103 401 2173 tulit;
421 2105 471 2160 aut
485 2122 567 2160 cruor
579 2101 626 2159 hic
640 2101 674 2159 de
688 2100 787 2178 stipite
799 2103 906 2159 manat.

141 2184 225 2242 Heu!
246 2185 313 2260 fuge
327 2183 451 2240 crudeles
464 2186 562 2252 terras,
575 2181 643 2258 fuge
656 2181 725 2238 litus
739 2201 864 2238 avarum.

140 2264 219 2322 Nam
232 2262 390 2340 Polydorus
403 2282 465 2338 ego.
505 2261 565 2318 Hic
578 2261 721 2319 confixum
733 2261 823 2318 ferrea
834 2260 909 2319 texit

142 2342 276 2402 'Pelorum
290 2362 378 2419 seges,
392 2346 421 2400 et
431 2340 532 2419 jaculis
544 2340 664 2398 increvit
678 2340 787 2398 acutis.’

142 2423 218 2480 Tum
230 2443 296 2480 vero
310 2421 426 2498 ancipiti
439 2423 565 2478 mentem
578 2420 727 2478 formidine
740 2439 851 2496 pressus

143 2503 294 2579 Obstupui,
308 2503 505 2577 steteruntque
518 2520 616 2570 comae,
630 2503 660 2558 et
673 2520 728 2558 vox
741 2499 868 2557 faucibus
880 2498 976 2556 haesit.

183 2586 199 2612 “
207 2582 296 2639 Hunc
311 2581 485 2658 Polydorum
499 2581 559 2637 auri
572 2580 715 2656 quondam
728 2600 792 2637 curn
805 2579 928 2656 pondere
942 2595 1042 2654 magno

143 2662 247 2720 Infelix
262 2661 391 2718 Priamus
405 2660 506 2718 furtim
518 2660 667 2717 mandarat
680 2658 812 2717 alendum

144 2741 277 2800 Threicio
290 2741 359 2818 regi,
374 2761 462 2817 quum
471 2740 532 2817 jam
546 2740 684 2797 diffideret
697 2738 783 2796 armis

144 2821 306 2892 Dardaniae,
320 2821 451 2897 cingique
464 2819 563 2877 urbem
577 2819 721 2877 obsidione
733 2818 852 2876 videret.

144 2901 208 2972 Ille,
222 2905 255 2959 ut
270 2920 335 2977 opes
349 2900 447 2958 fractae
462 2900 611 2970 Teucrum,
625 2902 655 2957 et
668 2899 784 2956 fortuna
795 2896 920 2968 recessit,

144 2981 203 3038 Res
216 2979 455 3058 Agamemnonias
468 2978 649 3055 victriciaque
663 2998 741 3036 arma
754 2980 875 3047 secutus,

144 3061 201 3118 Fas
214 3079 297 3118 omne
311 3060 462 3136 abrumpit,
476 3057 651 3135 Polydorum
664 3058 825 3127 obtruncat,
839 3058 869 3114 et
883 3076 952 3115 auro

144 3140 182 3197 vi
196 3139 314 3217 potitur.
357 3139 432 3211 Quid
444 3159 503 3197 non
516 3138 649 3196 mortalia
660 3140 776 3214 pectora
788 3135 874 3212 cogis,

145 3220 217 3277 Auri
231 3239 308 3278 sacra
321 3219 423 3277 fames!
465 3218 622 3295 Postquam
634 3236 723 3294 pavor
737 3236 800 3274 ossa
812 3215 937 3293 reliquit,

145 3300 279 3358 Delectos
291 3298 389 3375 populi
402 3299 438 3356 ad
450 3318 585 3375 proceres,
599 3298 777 3374 primumque
790 3299 947 3372 parentem,

146 3379 279 3437 Monstra
292 3379 377 3436 deum
389 3378 487 3449 refero,
501 3381 530 3436 et
544 3396 608 3454 quae
621 3377 659 3434 sit
673 3376 823 3446 sententia,
836 3395 931 3452 posco.

147 3459 286 3517 Omnibus
299 3458 374 3516 idem
388 3457 497 3515 animus
511 3458 646 3515 scelerata
659 3456 789 3514 excedere
802 3458 887 3526 terra,

147 3539 252 3616 Linqui
265 3538 407 3615 pollutum
419 3537 584 3612 hospitium,
598 3540 628 3594 et
641 3537 707 3594 dare
720 3535 855 3593 classibus
869 3537 992 3594 austros.

146 3620 227 3696 Ergo
240 3619 430 3676 instauramus
445 3616 587 3694 Polydoro
599 3617 692 3686 funus,
706 3619 736 3674 et
749 3615 850 3692 ingens

147 3698 305 3776 Aggeritur
317 3697 429 3756 tumulo
442 3697 526 3754 tellus
537 3721 543 3767 ;
564 3699 643 3754 stant
657 3695 787 3753 manibus
801 3714 864 3766 arae,

148 3778 282 3836 Caeruleis
296 3781 407 3836 maesta
421 3776 503 3835 vittis
517 3779 633 3853 atraque
646 3795 786 3851 cupressu,

147 3857 190 3915 Et
203 3857 309 3916 circum
321 3856 426 3916 Iliades
439 3856 545 3915 crinem
559 3856 593 3914 de
606 3876 683 3915 more
697 3855 814 3913 soluta:

149 3937 302 3996 Inferimus
315 3937 412 4016 tepido
426 3935 588 4016 spumantia
601 3935 713 4014 cymbia
725 3935 807 4007 lacte,
