2370 4260
433 126 574 170 AENEIDOS
588 128 650 169 HR.
664 128 700 169 11.

134 262 175 323 Nos
184 271 270 326 eontra
283 268 365 327 effinsi
376 268 507 342 lacrimis,
521 269 678 349 conjuxque
692 270 806 343 Creiisa,

133 344 297 425 Ascaniusque,
310 349 456 425 omnisque
470 350 578 423 domus,
591 371 627 409 ne
635 353 745 409 vertere
758 370 853 409 seeum

132 422 210 485 sucu
221 432 308 505 pater,
322 430 437 505 fatoque
449 430 565 507 urgenti
576 430 737 488 incumbere
749 431 844 489 vellet.

130 503 239 584 Abnegat,
251 509 421 586 inceptoque
435 512 465 567 et
478 510 590 568 sedibus
603 510 691 568 haeret
704 511 734 567 in
747 511 845 569 isdem.

128 582 208 645 Rursus
219 587 249 645 in
261 609 342 646 arma
353 589 435 660 feror,
448 592 626 666 mortemque
638 590 810 648 miserrimus
824 591 901 666 opto.

126 662 180 724 Nan
190 668 261 744 quod
274 668 424 726 eonsilium
437 671 487 726 aut
501 689 562 747 quae
570 669 633 746 jem
645 670 759 728 fortuma
772 667 917 728 dabatrnr?

126 743 203 805 ‘Mene
214 749 311 806 efferre
323 748 433 825 pedem,
446 748 567 825 genitor,
579 752 610 807 te
622 769 704 826 posse
716 750 814 808 relicto

124 819 243 900 Sperasti?
262 831 435 904 tantumque
447 829 525 886 nefas
537 829 630 905 patrie
642 829 747 887 excidit
760 828 831 888 ore?

69 974 72 985 Ι
122 901 142 960 Si
150 906 210 964 nihil
222 927 256 966 ex
268 911 354 965 tanta
366 908 473 984 superis
485 907 578 985 plaeet
591 909 660 966 urbe
672 909 800 985 relinqui,

69 1006 72 1031 ¹
121 981 229 1045 Etsedet
241 987 298 1045 hoe
311 987 415 1058 animo,
427 987 615 1064 peritumque
628 988 728 1046 addere
740 989 831 1066 Trujae

69 1124 71 1145 ÷
121 1060 193 1142 Teque
203 1070 326 1143 tuosque
335 1066 428 1144 juvat,
441 1070 522 1143 patet
534 1067 584 1125 isti
592 1068 680 1145 janus
691 1069 749 1126 leto
761 1093 768 1139 3

69 1172 71 1209 ;
119 1140 218 1222 Jamque
231 1146 323 1204 aderit
336 1145 429 1204 multo
442 1147 549 1204 Priami
562 1148 597 1205 de
609 1148 745 1224 sanguine
758 1148 895 1225 Pyrrhus,

117 1220 207 1282 Natum
220 1229 289 1284 ante
302 1245 352 1284 ora
364 1226 462 1302 patris,
474 1229 585 1303 patrem
598 1227 647 1303 qui
660 1228 812 1285 obtrumcat
825 1227 861 1285 ad
874 1247 943 1284 uras.

116 1301 165 1362 Hoe
175 1309 244 1377 erat,
257 1305 335 1364 alma
345 1325 455 1382 parens,
468 1307 544 1382 quod
556 1326 602 1363 me
614 1326 665 1383 per
676 1307 743 1378 tels,
756 1326 807 1384 per
819 1307 899 1385 ignes

115 1379 199 1460 Eripis,
211 1388 247 1443 ut
259 1385 362 1443 mediis
375 1384 488 1443 hostem
500 1386 532 1443 in
543 1386 742 1462 penetralibus,
755 1389 845 1464 utque

114 1461 258 1536 Aseanium,
271 1467 439 1542 patremque
451 1485 555 1536 meum,
564 1465 702 1543 juxtaque
716 1466 861 1538 Creusam,

114 1542 227 1602 Altemm
239 1545 272 1602 in
285 1545 402 1603 sltmius
415 1548 555 1602 mactatos
568 1546 704 1622 sanguine
717 1545 853 1604 cernam?

115 1621 463 1696 Armavirifertearmn:
483 1624 856 1684 vooetluxultimavietos.

115 1698 220 1762 Reddite
232 1724 282 1762 me
294 1703 421 1775 Danais3
440 1704 525 1761 sinite
537 1704 696 1762 instaurrata
708 1705 828 1764 revisam

115 1777 209 1841 Prelis.
249 1783 410 1860 Nunquam
422 1803 520 1841 omnes
532 1783 617 1842 hodie
628 1785 781 1843 moriemur
793 1784 898 1842 inulti?

148 1862 242 1922 “Hinc
253 1864 330 1922 ferro
343 1863 474 1940 accingor
485 1883 590 1935 rursus,
603 1864 746 1942 clipeoque
758 1865 904 1923 sinistram

117 1936 276 2001 Insertabam
288 1946 400 2020 aptans,
413 1963 514 2019 meque
526 1947 607 2001 extra
618 1948 697 2002 teeta
707 1945 840 2003 ferebam.

118 2016 176 2079 Beue
186 2026 282 2082 antem
294 2022 441 2099 complexa
452 2022 537 2099 pedes
549 2023 580 2079 in
592 2023 689 2082 limine
701 2024 803 2101 eonjux

119 2094 240 2174 Haerebat,
252 2121 430 2180 parvumque
441 2103 518 2179 petri
528 2103 665 2160 tendebat
678 2103 791 2161 Iulum:

121 2175 299 2256 ‘Siperitnrus
311 2182 382 2251 abis,
395 2186 425 2239 et
438 2201 490 2239 nos
503 2201 569 2258 rape
580 2182 611 2238 in
624 2183 719 2240 omnia
731 2188 844 2254 teeum3

120 2253 637 2338 Sinaliqnamexpertussumtisspem
650 2263 881 2338 ponisinarmis‚

120 2330 186 2397 Hune
196 2343 320 2418 primum
333 2346 431 2398 tutare
442 2341 568 2398 demum
608 2341 663 2398 Cui
675 2363 777 2418 parvus
792 2342 881 2412 Iulus,

122 2411 162 2473 (lui
170 2425 252 2496 pater,
266 2426 298 2480 et
310 2421 414 2498 eonjux
427 2421 569 2497 quondam
581 2424 634 2477 tna
645 2421 724 2478 dieta
734 2422 876 2498 relinquor
884 2419 908 2478 ξ’

152 2499 242 2559 “Talia
252 2501 412 2559 vociferans
424 2500 535 2577 gemitu
546 2503 657 2558 tectum
669 2521 753 2558 omne
765 2501 892 2576 replebat
902 2525 911 2570 ;

122 2572 194 2644 uuum
205 2581 335 2638 subitum
347 2581 483 2657 dictuque
493 2580 586 2637 oritur
597 2580 725 2637 mirabile
737 2588 907 2637 monstrum

120 2649 228 2736 Namque
239 2681 344 2718 manus
356 2660 433 2717 inter
444 2670 662 2735 mutorumque
674 2680 724 2716 ora
736 2664 888 2735 parentum

122 2729 176 2796 Eue
187 2740 253 2798 levis
266 2759 381 2797 summo
393 2739 429 2797 de
440 2740 546 2797 vertioe
558 2740 635 2796 visus
649 2738 706 2795 Iuli

123 2809 227 2878 fundere
239 2820 340 2878 lumen
351 2839 433 2895 apex,
444 2826 580 2895 tactuque
592 2819 707 2876 innoxia
718 2818 816 2876 molles

123 2889 233 2957 Lambere
245 2901 365 2957 flamma
376 2919 480 2968 eomas,
492 2908 523 2956 et
535 2900 641 2956 eireum
654 2906 783 2974 tempera
794 2898 881 2976 pasci,

123 2969 166 3032 Nos
176 2980 267 3054 pavidi
279 2979 423 3056 trepidare
435 2988 524 3047 metu,
536 2978 698 3055 crinemque
710 2978 878 3055 flagrantem

125 3048 247 3130 Excutere,
260 3070 291 3117 et
304 3068 420 3116 mars
431 3058 606 3134 restinguere
618 3058 745 3114 fontiims
756 3059 846 3135 ignes.

126 3131 153 3189 At
161 3142 232 3212 pater
244 3139 388 3196 Anchises
399 3137 495 3195 mus
507 3137 544 3194 ai
556 3137 647 3194 sidera
658 3137 744 3194 laetus

126 3207 784 3294 Exunuetcmloyalmmmvooetetennit:

128 3289 230 3371 ‘Jupiter
241 3298 433 3374 omnipotens,
446 3297 574 3372 precum
586 3297 611 3353 si
624 3296 744 3354 flecteris
756 3297 830 3355 ullis

128 3368 497 3449 Aspioenos3hoetantum3
516 3376 874 3452 (antiphatem,

129 3444 911 3532 Dudeindemnrimnrmeuatquehwnnanm’

154 3533 220 3594 “er
230 3557 265 3595 es
276 3538 356 3594 snus
367 3548 430 3594 ent
443 3536 552 3603 semion
571 3535 720 3611 subimus
732 3536 842 3611 fragma

130 3603 233 3674 Intonuit
244 3617 363 3687 laevmn,
375 3622 407 3674 et
419 3616 456 3673 ds·
467 3615 539 3672 <sele
551 3614 628 3691 ¹²4³
640 3634 691 3690 ptr
702 3615 817 3670 rumim

131 3683 287 3755 Sullam
298 3697 408 3754 duem
419 3694 510 3752 multa
522 3714 587 3752 enm
600 3694 665 3752 lues
