2446 4260
492 127 633 170 anemos
646 127 708 170 ma.
723 127 766 170 Π.

132 271 252 329 Aurea
264 288 437 348 purpuream
450 269 594 329 subnectit
606 270 694 328 fibula
705 273 831 329 vestem:

133 349 219 409 laec
233 371 293 408 non
305 354 336 409 et
349 348 472 428 Phrygii
484 351 602 410 comites
615 353 645 409 et
658 350 741 408 laetus
755 349 836 407 Iulus

136 429 310 489 Incedunt.
351 429 418 507 Ipse
431 433 497 488 ante
511 430 578 489 alios
592 429 796 507 pulcherrimus
810 448 907 488 omnes

143 510 251 569 Infert
265 530 295 569 se
308 510 417 568 socium
430 509 543 582 Encas,
556 512 642 586 atque
655 509 769 586 agmina
777 508 892 587 jungit:

153 590 256 662 Qualis
268 589 320 648 ubi
331 589 479 648 hibernam
493 588 612 668 Lyciam
624 588 791 666 Xanthique
804 589 911 648 fluenta

154 670 282 741 Deserit,
295 689 328 727 ao
341 669 446 728 Delum
459 672 618 727 maternam
630 668 729 727 invisit
742 669 855 746 Apollo,

155 749 361 826 Instauratque
375 750 483 821 choros,
496 748 634 825 mixtique
647 747 747 806 altaria
758 748 864 807 circum

157 829 314 906 Cretesque
327 829 512 906 Dryopesque
525 829 650 887 fremunt
663 828 788 906 pictique
801 828 977 907 Agathyrsi:

156 909 225 986 Ipse
234 908 314 986 jugis
328 907 438 986 Cynthi
450 908 587 986 graditur,
600 907 734 984 mollique
747 907 882 966 fluentem

158 988 275 1046 Eronde
287 988 392 1065 premit
404 988 511 1046 crinem
523 987 641 1065 fingens,
655 990 740 1064 atque
752 987 880 1065 implicat
893 1008 961 1047 auro
971 1012 978 1061 ;

159 1068 229 1126 Tela
241 1071 345 1126 sonant
358 1066 492 1126 humeris.
532 1067 621 1125 Haud
633 1066 683 1126 illo
697 1068 809 1144 segnior
821 1068 882 1126 ibat

159 1147 285 1218 Encas3
303 1149 420 1205 tantum
433 1146 546 1225 egregio
560 1147 644 1207 decus
657 1147 748 1206 enitet
761 1166 817 1206 ore.

160 1227 319 1303 Postquam
331 1227 404 1284 altos
417 1230 537 1285 ventum
549 1226 580 1285 in
592 1231 705 1285 montes
718 1229 805 1302 atque
817 1227 896 1285 invia
907 1227 1006 1299 lustra,

160 1307 234 1365 Ecce
247 1306 323 1377 ferae,
337 1306 396 1364 saxi
409 1306 526 1384 dejectae
538 1307 652 1379 vertice,
665 1325 757 1383 caprae

162 1386 317 1446 Decurrere
326 1386 420 1464 jugis3
441 1386 495 1444 alia
507 1386 542 1444 de
554 1389 635 1463 parte
648 1389 778 1463 patentes

162 1466 376 1525 Transmittunt
389 1486 473 1524 cursu
486 1485 599 1543 campos
613 1469 698 1542 atque
711 1465 825 1543 agmina
838 1466 912 1524 cervi

163 1545 365 1605 Pulverulenta
375 1545 445 1622 fuga
456 1544 625 1623 glomerant,
637 1549 804 1622 montesque
817 1546 988 1622 relinquunt.

163 1626 202 1683 At
215 1646 288 1703 puer
300 1625 438 1684 Ascanius
451 1625 571 1684 mediis
563 1646 594 1683 m
607 1625 727 1684 vallibus
741 1625 798 1684 acri

165 1705 276 1764 Gaudet
290 1725 378 1781 equo;
393 1705 509 1782 jamque
521 1706 575 1764 hos
588 1725 672 1764 cursu
673 1705 751 1782 ,jam
763 1705 891 1782 praeterit
903 1705 975 1778 illos,

164 1785 404 1861 Spumantemque
417 1785 477 1843 dari
490 1804 590 1862 pecora
602 1785 677 1843 inter
690 1785 793 1842 inertia
804 1785 879 1842 votis

165 1864 253 1942 Optat
266 1884 376 1942 aprum,
389 1868 440 1922 aut
452 1865 563 1923 fulvum
576 1865 741 1923 descendere
754 1867 852 1922 monte
864 1864 982 1923 leonem.

199 1944 319 2002 Interea
330 1964 435 2023 magno
447 1944 558 2003 misceri
571 1964 715 2002 murmure
729 1944 832 2002 coelum

165 2023 287 2101 Incipit:
308 2023 467 2100 insequitur
479 2024 633 2083 commixta
645 2024 781 2101 grandine
794 2024 916 2082 nimbus.

165 2103 202 2161 Et
215 2103 298 2181 Tyrii
310 2104 427 2162 comites
440 2104 552 2181 passim,
566 2107 596 2162 et
610 2104 732 2181 Trojana
740 2104 885 2182 juventus,

165 2182 379 2260 Dardaniusque
391 2203 478 2260 nepos
491 2183 618 2255 Veneris,
631 2183 741 2242 diversa
753 2203 802 2260 per
816 2203 898 2260 agros

166 2262 253 2322 Tecta
264 2265 347 2321 metu
358 2263 480 2340 petiere:
500 2267 589 2321 ruunt
602 2263 637 2321 de
650 2263 795 2321 montibus
808 2282 913 2321 amnes.

165 2342 332 2420 Speluncam
345 2342 422 2400 Dido
435 2343 492 2400 dux
505 2346 535 2401 et
549 2342 687 2420 Trojanus
701 2343 819 2401 eandem

165 2421 339 2481 Deveniunt.
379 2422 478 2481 Prima
492 2426 522 2481 et
536 2422 633 2480 Tellus
646 2426 676 2480 et
689 2423 816 2500 pronuba
830 2421 851 2479 J
852 2441 909 2480 uno

165 2500 245 2560 Dant
259 2502 390 2578 signum:
411 2502 512 2560 fulsere
525 2502 614 2578 ignes,
628 2505 657 2561 et
671 2502 798 2561 conscius
812 2501 902 2560 aether

165 2581 338 2652 Connubiis3
337 2601 527 2674 ..summoque
536 2581 682 2640 ululanrnt
694 2581 800 2640 vertice
813 2582 844 2638 N
842 2580 966 2658 ymphae

164 2659 217 2720 ille
232 2661 293 2719 dies
302 2661 410 2738 primus
422 2661 473 2720 leti
486 2661 648 2739 primusque
660 2662 801 2720 malorum

164 2740 258 2799 Causa
270 2740 335 2799 fuit.
375 2740 476 2818 Neque
490 2742 565 2800 enim
578 2741 669 2819 specie
681 2742 791 2800 famave
804 2742 942 2811 movetur,

162 2818 249 2879 Nec
237 2839 300 2897 Jam
311 2820 451 2879 furtivum
463 2821 540 2880 Dido
553 2821 709 2880 meditatur
721 2839 862 2879 amorem:

162 2841 338 2977 ConJ'iigium
350 2903 450 2972 vocat3
469 2901 523 2960 hoc
536 2901 668 2979 praetexit
681 2900 794 2959 nomine
807 2898 927 2975 culpam.

203 2980 359 3056 Extemplo
373 2979 472 3057 Libyae
485 3000 602 3058 magnas
615 2981 640 3038 it
654 2980 744 3038 Eama
756 2998 806 3056 per
818 2978 910 3050 urbes,
910 3010 950 3019 —

163 3058 257 3116 Fama
258 3059 394 3131 ,malum,
408 3079 473 3152 quo·
476 3079 534 3118 non
548 3059 624 3118 aliud
636 3059 759 3118 velocius
771 3059 878 3116 ullum:

163 3104 332 3198 Mobilitato
344 3138 433 3216 viget,
446 3139 574 3216 viresque
587 3138 707 3216 acquirit
721 3138 829 3209 eundo;

164 3218 261 3276 Parva
273 3221 354 3277 metu
366 3218 475 3296 prim0;
494 3239 561 3277 mox
574 3238 634 3277 sese
647 3217 776 3277 attollit
768 3239 799 3275 m
812 3238 902 3287 auras,

165 3297 461 3376 Ingrediturqueo
402 3299 469 3370 solo,
484 3301 513 3356 et
527 3301 613 3375 caput
625 3298 701 3356 inter
713 3297 811 3356 nubila
823 3262 929 3358 condit.

166 3377 253 3435 Illam
266 3376 354 3436 Terra
366 3397 475 3455 parens,
489 3377 531 3436 ira
542 3377 655 3436 irritata
668 3379 792 3450 deorum,

166 3457 345 3531 Extremam,
358 3460 393 3515 ut
405 3457 564 3534 perhibent,
579 3457 646 3518 Ooeo
660 3423 858 3534 Enceladoque
871 3473 996 3514 sororem

166 3536 335 3614 Progenuit,
347 3536 466 3616 pedibus
479 3537 596 3597 celerem
610 3541 639 3596 et
652 3537 811 3615 pernicibus
825 3536 892 3607 alis3

166 3616 334 3675 Monstrum
342 3617 541 3675 horrendum
516 3637 642 3695 „mgens
652 3638 698 3675 cur
689 3617 778 3694 quot
791 3618 859 3674 sunt
869 3632 984 3691 corpore
995 3612 1109 3690 plumae,

167 3696 226 3755 Tot
237 3695 338 3774 vigiles
352 3696 426 3756 oculi
438 3697 544 3769 subter,
557 3696 684 3756 mirabile
696 3697 785 3767 dicti,

168 3775 225 3835 Tot
237 3775 353 3854 linguae,
365 3776 488 3835 totidem
501 3796 550 3836 ora
561 3778 673 3850 sonant,
686 3779 733 3836 tot
746 3771 870 3854 subrigit
882 3792 974 3837 aures

164 3854 259 3912 Nocte
271 3855 349 3912 volat
359 3855 425 3914 coeli
434 3856 530 3917 medio
544 3859 687 3940 sonsque
701 3878 753 3943 per
765 3857 906 3924 umbram
