2446 4260
132 217 202 281 380,
436 225 463 267 1’.
477 222 618 271 maun
630 221 773 271 maone

134 373 240 433 AEneas
253 369 330 430 acuit
343 368 480 441 Martem,
493 369 523 427 et
536 386 566 431 se
579 365 699 427 asum
711 365 763 437 itu,

135 453 241 512 Oblato
255 450 382 528 gaudens
395 447 526 526 componi
539 446 642 509 foedere
655 445 772 517 bellum,

135 532 213 591 'lum
226 529 316 589 socios
328 528 477 606 maestique
490 529 601 586 metum
613 525 722 585 solatur
734 524 803 596 Iuli,

136 612 212 670 Fata
224 611 344 680 docens3
363 608 481 686 regique
489 607 574 686 jubet
585 625 719 683 responsa
731 604 839 670 Latino

137 690 224 749 Certa
235 689 338 747 referre
351 689 437 760 viros,
448 691 479 746 et
492 686 568 764 pacis
581 685 673 746 dicere
685 685 771 763 logos

177 770 297 828 Postera
309 768 358 825 vix
371 786 496 825 summos
509 766 660 843 spargebat
673 765 782 829 lumine
793 767 911 831 montes

138 848 211 907 Orta
223 848 299 920 dies3
319 866 408 924 quum
425 845 550 923 primum
562 845 622 905 alto
635 865 665 904 se
678 844 794 923 gurgite
805 845 925 909 numu

138 928 211 987 Solis
225 927 298 1005 equi,
311 926 459 1002 lucemque
472 924 555 984 elatis
566 924 681 983 naribus
695 925 807 985 efflant:

138 1007 280 1084 Campum
293 1006 328 1063 ad
342 1008 485 1064 certamen
498 1025 611 1085 magnae
624 1005 677 1062 sub
691 1003 833 1067 menibus
846 1004 929 1067 urbis

138 1085 270 1144 Dimensi
283 1084 444 1162 Rutulique
456 1085 510 1143 viri
523 1084 681 1161 Teucrique
694 1083 850 1160 parabant3

139 1164 177 1223 In
189 1165 337 1242 medioque
350 1165 427 1224 focos
440 1167 471 1224 et
484 1165 528 1225 dis
541 1164 740 1226 communibus
751 1183 813 1227 aras

139 1244 315 1304 Gramineus.
355 1245 415 1302 Alii
427 1245 592 1322 fontemque
604 1243 758 1321 ignemque
769 1243 908 1315 ferebant,

138 1323 235 1382 Velati
247 1324 325 1398 limo,
340 1327 370 1383 et
383 1325 506 1384 verbena
517 1327 648 1400 tempora
659 1323 759 1385 vincti.

140 1402 274 1462 Procedit
287 1404 362 1482 legio
375 1404 563 1476 Ausonidum,
576 1403 720 1480 pilataque
732 1402 824 1479 plenis

140 1483 267 1561 Agmina
279 1503 309 1543 se
322 1484 448 1543 fundunt
461 1484 561 1562 portis.
601 1483 681 1542 Hinc
694 1483 799 1546 Troius
813 1480 907 1543 omnis

140 1563 361 1642 Tyrrhenusque
373 1563 433 1622 ruit
445 1563 531 1621 variis
544 1563 682 1622 exercitus
696 1562 781 1626 armis
791 1586 798 1634 ;

140 1642 231 1702 Haud
243 1663 323 1702 secus
335 1642 470 1704 instructi
482 1643 565 1714 ferro,
578 1662 665 1719 quam
678 1643 703 1701 si
715 1661 814 1719 aspera
826 1640 934 1704 Martis

141 1722 245 1800 Pugna
257 1726 348 1783 vocet.
389 1724 453 1782 Nec
466 1743 525 1781 non
537 1722 637 1780 mediis
650 1722 681 1780 in
693 1721 819 1781 millibus
831 1721 887 1799 ipsi

141 1802 283 1861 Ductores
297 1823 365 1861 auro
378 1803 502 1861 volitant
516 1806 649 1879 ostroque
662 1801 765 1874 decori,

140 1882 183 1941 Et
196 1903 287 1960 genus
299 1883 432 1943 Assaraci
445 1882 624 1954 Mnestheus,
638 1884 668 1940 et
681 1882 764 1940 fortis
777 1879 893 1959 Asylss,

140 1962 183 2020 Et
197 1962 348 2041 Messapus
362 1982 466 2039 equum
479 1961 612 2034 domitor,
625 1961 775 2038 Neptunia
786 1960 888 2037 proles.

140 2041 241 2119 thue
254 2043 321 2101 dato
336 2042 417 2120 signo
432 2043 524 2120 spatia
536 2042 567 2100 in
581 2061 632 2100 sua
644 2041 763 2119 quisque
774 2040 902 2113 recessit,

140 2121 280 2200 Religunt
293 2123 395 2180 tellure
407 2122 514 2193 hastas,
528 2125 557 2180 et
571 2124 654 2181 scuta
666 2121 813 2182 reclinant.

140 2202 217 2260 Tum
230 2202 325 2261 studio
338 2203 435 2261 effusa
448 2205 562 2272 matres,
577 2204 606 2260 et
619 2201 723 2278 uulgus
735 2201 886 2273 inermum,

141 2281 321 2357 Invalidique
335 2301 423 2351 senes,
437 2284 530 2340 turres
544 2284 574 2339 et
587 2284 666 2339 tecta
679 2281 827 2339 domorum

141 2361 297 2432 Obsedere3
318 2360 366 2418 alii
379 2360 469 2437 portis
483 2360 652 2419 sublimibus
666 2362 791 2419 adstant.

179 2441 222 2498 At
236 2441 257 2498 J
258 2461 315 2498 uno
329 2461 344 2499 e
358 2460 479 2512 summo,
493 2441 542 2517 qui
555 2461 631 2499 nunc
645 2441 772 2500 Albanus
785 2440 957 2509 habetur,-

141 2521 217 2577 Tum
230 2541 321 2597 neque
334 2540 438 2581 nomen
452 2524 521 2592 erat,
535 2540 586 2578 nec
601 2520 699 2592 honos,
714 2524 764 2578 aut
777 2518 869 2597 gloria
882 2517 1016 2577 monti-

141 2600 319 2678 Prospieiens
332 2600 444 2682 tumulo
459 2621 590 2678 campum
604 2601 775 2676 aspectabat,
789 2603 819 2657 et
833 2598 930 2660 ambas

141 2681 320 2739 Laurentum
334 2681 496 2758 Troumque
510 2680 582 2738 acies
595 2681 750 2756 urbemque
763 2678 870 2737 Latini.

140 2761 295 2838 Extemplo
312 2761 402 2819 Turni
416 2760 455 2819 sie
469 2764 513 2819 est
527 2761 614 2818 affata
627 2779 759 2830 sororem,

140 2840 217 2898 Diva
230 2842 320 2912 deam,
335 2841 444 2917 stagnis
458 2861 519 2917 quse
532 2839 752 2916 fluminibusque
767 2836 876 2896 sonoris

142 2920 298 2992 Praesidet;
317 2920 394 2978 hunc
408 2921 450 2978 1111
462 2941 512 2979 rex
525 2919 638 2978 aetheris
653 2920 727 2978 altus
740 2919 878 2977 honorem

141 3000 258 3078 Jupiter
272 3004 369 3077 erepta
381 3021 432 3077 pro
445 2999 610 3077 virginitate
624 2998 764 3058 sacravit:

141 3085 157 3112 “
166 3080 313 3158 Nympha,
327 3081 410 3138 decus
424 3080 583 3151 fluviorum,
597 3079 692 3137 animo
706 3076 868 3155 gratissima
880 3081 988 3148 nostro,

141 3160 210 3232 Scis,
224 3164 259 3217 ut
272 3163 302 3218 te
316 3160 425 3218 cunctis
439 3179 533 3230 unam,
548 3178 733 3235 quaecumque
747 3158 860 3215 Latinae

143 3238 323 3317 Magnanimi
336 3239 358 3296 J
359 3239 419 3297 ovis
432 3239 579 3316 ingratum
592 3239 739 3303 ascendere
753 3237 852 3308 cubile,

142 3319 331 3391 Praetulerim,
345 3319 462 3395 coelique
475 3319 575 3377 lubens
587 3318 618 3375 in
631 3321 712 3395 parte
724 3317 857 3377 locarim:

141 3398 227 3457 Disce
239 3401 333 3471 tuum,
346 3419 382 3456 ne
396 3419 442 3458 me
454 3398 573 3469 incuses,
588 3397 723 3468 Juturna,
737 3397 871 3455 dolorem.

142 3479 206 3550 Qua
218 3480 279 3536 visa
291 3481 335 3537 est
349 3479 464 3536 fortuna
476 3478 545 3555 pati,
560 3476 710 3554 Parcaeque
724 3477 855 3537 sinebant

142 3558 247 3617 (ledere
260 3579 304 3616 res
318 3558 411 3630 Latio,
426 3558 556 3615 Tmnum
569 3560 599 3615 et
612 3560 664 3615 tua
676 3556 782 3614 moenia
794 3555 870 3614 texi:

142 3639 229 3696 Nunc
239 3639 374 3715 juvenem
387 3637 543 3715 imparibus
556 3636 638 3696 video
652 3656 816 3697 concurrere
828 3635 905 3707 fatis,

142 3717 351 3794 Parcarumque
365 3717 423 3777 dies
438 3722 467 3777 et
480 3717 523 3776 vis
537 3717 651 3775 inimica
663 3717 844 3794 propinquat.

140 3797 211 3859 Non
223 3818 353 3879 pugnam
366 3799 489 3878 aspicere
497 3798 575 3856 bano
587 3797 753 3865 oculis,non
764 3796 869 3854 foedera
881 3815 1007 3872 possum.

138 3882 193 3957 Tu,
209 3904 263 3963 pro
279 3901 421 3963 germano
435 3879 464 3938 si
475 3878 549 3957 quib
556 3874 727 3954 presentans
738 3873 836 3939 cubes,

132 3966 254 4049 Perge;
277 3966 379 4027 decet.
418 3962 543 4023 Forsan
552 3944 994 4015 misescsmelmssssqusmmr
