<?xml version="1.0" encoding="UTF-8"?>
<!DOCTYPE html PUBLIC "-//W3C//DTD XHTML 1.0 Transitional//EN"
    "http://www.w3.org/TR/xhtml1/DTD/xhtml1-transitional.dtd">
<html xmlns="http://www.w3.org/1999/xhtml" xml:lang="en" lang="en">
 <head>
  <title>
</title>
<meta http-equiv="Content-Type" content="text/html;charset=utf-8" />
  <meta name='ocr-system' content='tesseract 3.04.00' />
  <meta name='ocr-capabilities' content='ocr_page ocr_carea ocr_par ocr_line ocrx_word'/>
</head>
<body>
  <div class='ocr_page' id='page_1' title='image "./worksfromtexthe00virggoog_0260.png"; bbox 0 0 2446 4260; ppageno 0'>
   <div class='ocr_carea' id='block_1_1' title="bbox 409 232 687 277">
    <p class='ocr_par' dir='ltr' id='par_1_1' title="bbox 409 232 687 277">
     <span class='ocr_line' id='line_1_1' title="bbox 409 232 687 277; baseline 0.004 -1"><span class='ocrx_word' id='word_1_1' title='bbox 409 232 552 277; x_wconf 75' lang='lat' dir='ltr'><strong>muros</strong></span> <span class='ocrx_word' id='word_1_2' title='bbox 566 234 629 277; x_wconf 80' lang='lat' dir='ltr'><strong>m.</strong></span> <span class='ocrx_word' id='word_1_3' title='bbox 643 235 687 277; x_wconf 77' lang='lat' dir='ltr'><strong>VI.</strong></span> 
     </span>
    </p>
   </div>
   <div class='ocr_carea' id='block_1_2' title="bbox 99 374 953 3962">
    <p class='ocr_par' dir='ltr' id='par_1_2' title="bbox 99 374 883 614">
     <span class='ocr_line' id='line_1_2' title="bbox 99 374 883 456; baseline 0.003 -22"><span class='ocrx_word' id='word_1_4' title='bbox 99 378 233 451; x_wconf 76' lang='lat' dir='ltr'><strong>spectans</strong></span> <span class='ocrx_word' id='word_1_5' title='bbox 246 374 348 435; x_wconf 88' lang='lat' dir='ltr'><strong>silvam</strong></span> <span class='ocrx_word' id='word_1_6' title='bbox 360 375 538 450; x_wconf 78' lang='lat' dir='ltr'><strong>immensam,</strong></span> <span class='ocrx_word' id='word_1_7' title='bbox 552 379 582 436; x_wconf 86' lang='lat' dir='ltr'><strong>et</strong></span> <span class='ocrx_word' id='word_1_8' title='bbox 596 377 636 436; x_wconf 90' lang='lat' dir='ltr'><strong>sic</strong></span> <span class='ocrx_word' id='word_1_9' title='bbox 650 397 719 437; x_wconf 83' lang='lat' dir='ltr'><strong>voce</strong></span> <span class='ocrx_word' id='word_1_10' title='bbox 731 381 883 456; x_wconf 74' lang='lat' dir='ltr'>precatur:</span> 
     </span>
     <span class='ocr_line' id='line_1_3' title="bbox 99 453 755 518; baseline 0.011 -7"><span class='ocrx_word' id='word_1_11' title='bbox 99 453 125 512; x_wconf 75' lang='lat' dir='ltr'><strong>li</strong></span> <span class='ocrx_word' id='word_1_12' title='bbox 138 475 220 515; x_wconf 91' lang='lat' dir='ltr'><strong>nunc</strong></span> <span class='ocrx_word' id='word_1_13' title='bbox 234 477 264 516; x_wconf 91' lang='lat' dir='ltr'><strong>se</strong></span> <span class='ocrx_word' id='word_1_14' title='bbox 277 455 359 516; x_wconf 93' lang='lat' dir='ltr'><strong>nobis</strong></span> <span class='ocrx_word' id='word_1_15' title='bbox 372 456 419 516; x_wconf 94' lang='lat' dir='ltr'><strong>ille</strong></span> <span class='ocrx_word' id='word_1_16' title='bbox 432 476 534 515; x_wconf 91' lang='lat' dir='ltr'><strong>aureus</strong></span> <span class='ocrx_word' id='word_1_17' title='bbox 548 457 647 516; x_wconf 88' lang='lat' dir='ltr'><strong>arbore</strong></span> <span class='ocrx_word' id='word_1_18' title='bbox 659 478 755 518; x_wconf 88' lang='lat' dir='ltr'><strong>ramus</strong></span> 
     </span>
     <span class='ocr_line' id='line_1_4' title="bbox 99 537 821 614; baseline 0.006 -20"><span class='ocrx_word' id='word_1_19' title='bbox 99 537 217 594; x_wconf 73' lang='lat' dir='ltr'><strong>cenat</strong></span> <span class='ocrx_word' id='word_1_20' title='bbox 229 556 344 595; x_wconf 91' lang='lat' dir='ltr'><strong>nemore</strong></span> <span class='ocrx_word' id='word_1_21' title='bbox 356 537 388 594; x_wconf 93' lang='lat' dir='ltr'><strong>in</strong></span> <span class='ocrx_word' id='word_1_22' title='bbox 399 537 500 595; x_wconf 86' lang='lat' dir='ltr'><strong>tanto!</strong></span> <span class='ocrx_word' id='word_1_23' title='bbox 521 537 634 614; x_wconf 89' lang='lat' dir='ltr'><strong>quando</strong></span> <span class='ocrx_word' id='word_1_24' title='bbox 648 538 744 597; x_wconf 89' lang='lat' dir='ltr'><strong>omnia</strong></span> <span class='ocrx_word' id='word_1_25' title='bbox 755 558 821 598; x_wconf 84' lang='lat' dir='ltr'><strong>vere</strong></span> 
     </span>
    </p>

    <p class='ocr_par' dir='ltr' id='par_1_3' title="bbox 101 615 807 689">
     <span class='ocr_line' id='line_1_5' title="bbox 101 615 807 689; baseline 0.007 -18"><span class='ocrx_word' id='word_1_26' title='bbox 101 633 141 672; x_wconf 91' lang='lat' dir='ltr'><strong>en</strong></span> <span class='ocrx_word' id='word_1_27' title='bbox 154 615 279 675; x_wconf 89' lang='lat' dir='ltr'><strong>nimium</strong></span> <span class='ocrx_word' id='word_1_28' title='bbox 293 616 371 675; x_wconf 90' lang='lat' dir='ltr'><strong>dete</strong></span> <span class='ocrx_word' id='word_1_29' title='bbox 384 619 473 689; x_wconf 82' lang='lat' dir='ltr'><strong>vates,</strong></span> <span class='ocrx_word' id='word_1_30' title='bbox 488 615 609 687; x_wconf 87' lang='lat' dir='ltr'><strong>Misene,</strong></span> <span class='ocrx_word' id='word_1_31' title='bbox 622 617 721 676; x_wconf 85' lang='lat' dir='ltr'><strong>locuta</strong></span> <span class='ocrx_word' id='word_1_32' title='bbox 733 619 807 677; x_wconf 87' lang='lat' dir='ltr'><strong>est.’&#39;</strong></span> 
     </span>
    </p>

    <p class='ocr_par' dir='ltr' id='par_1_4' title="bbox 100 691 947 849">
     <span class='ocr_line' id='line_1_6' title="bbox 100 691 947 774; baseline 0.008 -24"><span class='ocrx_word' id='word_1_33' title='bbox 100 691 127 750; x_wconf 86' lang='lat' dir='ltr'><strong>ix</strong></span> <span class='ocrx_word' id='word_1_34' title='bbox 140 716 175 755; x_wconf 86' lang='lat' dir='ltr'><strong>ea</strong></span> <span class='ocrx_word' id='word_1_35' title='bbox 183 696 262 754; x_wconf 89' lang='lat' dir='ltr'><strong>fatus</strong></span> <span class='ocrx_word' id='word_1_36' title='bbox 276 699 346 768; x_wconf 88' lang='lat' dir='ltr'><strong>erat,</strong></span> <span class='ocrx_word' id='word_1_37' title='bbox 359 697 479 774; x_wconf 74' lang='lat' dir='ltr'><strong>geminae</strong></span> <span class='ocrx_word' id='word_1_38' title='bbox 493 715 584 773; x_wconf 89' lang='lat' dir='ltr'><strong>quum</strong></span> <span class='ocrx_word' id='word_1_39' title='bbox 596 696 671 755; x_wconf 88' lang='lat' dir='ltr'><strong>forte</strong></span> <span class='ocrx_word' id='word_1_40' title='bbox 684 698 822 757; x_wconf 77' lang='lat' dir='ltr'><strong>columbae</strong></span> <span class='ocrx_word' id='word_1_41' title='bbox 944 758 947 765; x_wconf 84' lang='grc'><em>,</em></span> 
     </span>
     <span class='ocr_line' id='line_1_7' title="bbox 100 775 688 849; baseline 0.007 -18"><span class='ocrx_word' id='word_1_42' title='bbox 100 791 142 831; x_wconf 79' lang='lat' dir='ltr'><strong>›sa</strong></span> <span class='ocrx_word' id='word_1_43' title='bbox 154 776 208 834; x_wconf 90' lang='lat' dir='ltr'><strong>sub</strong></span> <span class='ocrx_word' id='word_1_44' title='bbox 222 796 272 835; x_wconf 86' lang='lat' dir='ltr'><strong>ora</strong></span> <span class='ocrx_word' id='word_1_45' title='bbox 283 775 338 834; x_wconf 83' lang='lat' dir='ltr'><strong>viri</strong></span> <span class='ocrx_word' id='word_1_46' title='bbox 351 775 421 834; x_wconf 87' lang='lat' dir='ltr'><strong>coelo</strong></span> <span class='ocrx_word' id='word_1_47' title='bbox 434 796 536 835; x_wconf 84' lang='lat' dir='ltr'><strong>venere</strong></span> <span class='ocrx_word' id='word_1_48' title='bbox 549 776 688 849; x_wconf 74' lang='lat' dir='ltr'><strong>volantes,</strong></span> 
     </span>
    </p>

    <p class='ocr_par' dir='ltr' id='par_1_5' title="bbox 100 853 770 1013">
     <span class='ocr_line' id='line_1_8' title="bbox 100 853 770 917; baseline 0.013 -9"><span class='ocrx_word' id='word_1_49' title='bbox 100 853 117 908; x_wconf 90' lang='lat' dir='ltr'><strong>t</strong></span> <span class='ocrx_word' id='word_1_50' title='bbox 128 854 212 913; x_wconf 81' lang='lat' dir='ltr'><strong>viridi</strong></span> <span class='ocrx_word' id='word_1_51' title='bbox 224 855 320 914; x_wconf 90' lang='lat' dir='ltr'><strong>sedere</strong></span> <span class='ocrx_word' id='word_1_52' title='bbox 333 855 403 915; x_wconf 90' lang='lat' dir='ltr'><strong>solo.</strong></span> <span class='ocrx_word' id='word_1_53' title='bbox 443 855 521 914; x_wconf 77' lang='lat' dir='ltr'><strong>Tum</strong></span> <span class='ocrx_word' id='word_1_54' title='bbox 532 856 674 915; x_wconf 82' lang='lat' dir='ltr'><strong>maximus</strong></span> <span class='ocrx_word' id='word_1_55' title='bbox 687 856 770 917; x_wconf 88' lang='lat' dir='ltr'><strong>heros</strong></span> 
     </span>
     <span class='ocr_line' id='line_1_9' title="bbox 100 929 770 1013; baseline 0.012 -25"><span class='ocrx_word' id='word_1_56' title='bbox 100 929 221 994; x_wconf 83' lang='lat' dir='ltr'><strong>[eternas</strong></span> <span class='ocrx_word' id='word_1_57' title='bbox 234 935 364 1013; x_wconf 89' lang='lat' dir='ltr'><strong>agnoscit</strong></span> <span class='ocrx_word' id='word_1_58' title='bbox 377 955 451 1008; x_wconf 81' lang='lat' dir='ltr'><strong>aves,</strong></span> <span class='ocrx_word' id='word_1_59' title='bbox 464 935 607 1013; x_wconf 72' lang='lat' dir='ltr'><strong>laetusque</strong></span> <span class='ocrx_word' id='word_1_60' title='bbox 620 941 770 1013; x_wconf 77' lang='lat' dir='ltr'><strong>precatur:</strong></span> 
     </span>
    </p>

    <p class='ocr_par' dir='ltr' id='par_1_6' title="bbox 100 1008 895 1174">
     <span class='ocr_line' id='line_1_10' title="bbox 100 1008 895 1099; baseline 0.009 -29"><span class='ocrx_word' id='word_1_61' title='bbox 100 1008 171 1099; x_wconf 59' lang='lat' dir='ltr'><strong>Este</strong></span> <span class='ocrx_word' id='word_1_62' title='bbox 183 1015 278 1087; x_wconf 88' lang='lat' dir='ltr'><strong>duces,</strong></span> <span class='ocrx_word' id='word_1_63' title='bbox 292 1036 317 1088; x_wconf 89' lang='lat' dir='ltr'><strong>o,</strong></span> <span class='ocrx_word' id='word_1_64' title='bbox 331 1015 357 1073; x_wconf 91' lang='lat' dir='ltr'><strong>si</strong></span> <span class='ocrx_word' id='word_1_65' title='bbox 370 1035 426 1092; x_wconf 87' lang='lat' dir='ltr'><strong>qua</strong></span> <span class='ocrx_word' id='word_1_66' title='bbox 438 1014 486 1073; x_wconf 84' lang='lat' dir='ltr'><strong>via</strong></span> <span class='ocrx_word' id='word_1_67' title='bbox 498 1018 551 1087; x_wconf 87' lang='lat' dir='ltr'><strong>est,</strong></span> <span class='ocrx_word' id='word_1_68' title='bbox 565 1035 737 1094; x_wconf 81' lang='lat' dir='ltr'><strong>cursumque</strong></span> <span class='ocrx_word' id='word_1_69' title='bbox 750 1037 801 1095; x_wconf 89' lang='lat' dir='ltr'><strong>per</strong></span> <span class='ocrx_word' id='word_1_70' title='bbox 813 1037 895 1077; x_wconf 86' lang='lat' dir='ltr'><strong>auras</strong></span> 
     </span>
     <span class='ocr_line' id='line_1_11' title="bbox 100 1091 761 1174; baseline 0.009 -25"><span class='ocrx_word' id='word_1_71' title='bbox 100 1091 196 1170; x_wconf 70' lang='lat' dir='ltr'><strong>larigite</strong></span> <span class='ocrx_word' id='word_1_72' title='bbox 209 1095 240 1152; x_wconf 92' lang='lat' dir='ltr'><strong>in</strong></span> <span class='ocrx_word' id='word_1_73' title='bbox 253 1095 341 1167; x_wconf 89' lang='lat' dir='ltr'><strong>lucos,</strong></span> <span class='ocrx_word' id='word_1_74' title='bbox 354 1095 404 1152; x_wconf 90' lang='lat' dir='ltr'><strong>ubi</strong></span> <span class='ocrx_word' id='word_1_75' title='bbox 417 1095 555 1172; x_wconf 85' lang='lat' dir='ltr'><strong>pinguem</strong></span> <span class='ocrx_word' id='word_1_76' title='bbox 568 1094 646 1154; x_wconf 86' lang='lat' dir='ltr'><strong>dives</strong></span> <span class='ocrx_word' id='word_1_77' title='bbox 660 1101 761 1174; x_wconf 89' lang='lat' dir='ltr'><strong>opacat</strong></span> 
     </span>
    </p>

    <p class='ocr_par' dir='ltr' id='par_1_7' title="bbox 100 1170 953 1890">
     <span class='ocr_line' id='line_1_12' title="bbox 100 1170 871 1252; baseline 0.008 -22"><span class='ocrx_word' id='word_1_78' title='bbox 100 1170 182 1232; x_wconf 68' lang='lat' dir='ltr'><strong>&#39;vanus</strong></span> <span class='ocrx_word' id='word_1_79' title='bbox 194 1174 326 1233; x_wconf 90' lang='lat' dir='ltr'><strong>humum.</strong></span> <span class='ocrx_word' id='word_1_80' title='bbox 367 1174 469 1252; x_wconf 81' lang='lat' dir='ltr'><strong>Tuque</strong></span> <span class='ocrx_word' id='word_1_81' title='bbox 482 1194 508 1246; x_wconf 89' lang='lat' dir='ltr'><strong>o,</strong></span> <span class='ocrx_word' id='word_1_82' title='bbox 521 1174 615 1232; x_wconf 91' lang='lat' dir='ltr'><strong>dubiis</strong></span> <span class='ocrx_word' id='word_1_83' title='bbox 629 1196 665 1234; x_wconf 90' lang='lat' dir='ltr'><strong>ne</strong></span> <span class='ocrx_word' id='word_1_84' title='bbox 678 1176 766 1236; x_wconf 87' lang='lat' dir='ltr'><strong>defice</strong></span> <span class='ocrx_word' id='word_1_85' title='bbox 778 1179 871 1249; x_wconf 88' lang='lat' dir='ltr'><strong>rebus,</strong></span> 
     </span>
     <span class='ocr_line' id='line_1_13' title="bbox 100 1246 753 1333; baseline 0.005 -22"><span class='ocrx_word' id='word_1_86' title='bbox 100 1246 150 1310; x_wconf 69' lang='lat' dir='ltr'><strong>*iva</strong></span> <span class='ocrx_word' id='word_1_87' title='bbox 160 1255 290 1331; x_wconf 90' lang='lat' dir='ltr'><strong>parens.”</strong></span> <span class='ocrx_word' id='word_1_88' title='bbox 332 1254 378 1312; x_wconf 88' lang='lat' dir='ltr'><strong>Sic</strong></span> <span class='ocrx_word' id='word_1_89' title='bbox 392 1255 494 1313; x_wconf 86' lang='lat' dir='ltr'><strong>effatus</strong></span> <span class='ocrx_word' id='word_1_90' title='bbox 507 1253 629 1332; x_wconf 84' lang='lat' dir='ltr'><strong>vestigia</strong></span> <span class='ocrx_word' id='word_1_91' title='bbox 642 1257 753 1333; x_wconf 87' lang='lat' dir='ltr'><strong>pressit,</strong></span> 
     </span>
     <span class='ocr_line' id='line_1_14' title="bbox 100 1325 864 1414; baseline 0.007 -24"><span class='ocrx_word' id='word_1_92' title='bbox 100 1325 230 1392; x_wconf 72' lang='lat' dir='ltr'><strong>&#39;hscrvans</strong></span> <span class='ocrx_word' id='word_1_93' title='bbox 244 1354 309 1411; x_wconf 83' lang='lat' dir='ltr'><strong>quae</strong></span> <span class='ocrx_word' id='word_1_94' title='bbox 323 1334 405 1412; x_wconf 85' lang='lat' dir='ltr'><strong>signa</strong></span> <span class='ocrx_word' id='word_1_95' title='bbox 417 1335 519 1405; x_wconf 89' lang='lat' dir='ltr'><strong>ferant,</strong></span> <span class='ocrx_word' id='word_1_96' title='bbox 533 1354 590 1412; x_wconf 93' lang='lat' dir='ltr'><strong>quo</strong></span> <span class='ocrx_word' id='word_1_97' title='bbox 603 1335 720 1395; x_wconf 89' lang='lat' dir='ltr'><strong>tendere</strong></span> <span class='ocrx_word' id='word_1_98' title='bbox 733 1340 864 1414; x_wconf 85' lang='lat' dir='ltr'><strong>pergant.</strong></span> 
     </span>
     <span class='ocr_line' id='line_1_15' title="bbox 100 1408 953 1491; baseline 0.006 -22"><span class='ocrx_word' id='word_1_99' title='bbox 100 1408 420 1472; x_wconf 67' lang='lat' dir='ltr'><strong>arcentesillaeaantum</strong></span> <span class='ocrx_word' id='word_1_100' title='bbox 433 1414 546 1491; x_wconf 91' lang='lat' dir='ltr'><strong>prodire</strong></span> <span class='ocrx_word' id='word_1_101' title='bbox 557 1415 689 1486; x_wconf 85' lang='lat' dir='ltr'><strong>volando,</strong></span> <span class='ocrx_word' id='word_1_102' title='bbox 949 1422 953 1429; x_wconf 88' lang='lat'>&#39;</span> 
     </span>
     <span class='ocr_line' id='line_1_16' title="bbox 101 1493 824 1573; baseline 0.004 -22"><span class='ocrx_word' id='word_1_103' title='bbox 101 1497 219 1551; x_wconf 72' lang='lat' dir='ltr'><strong>uantum</strong></span> <span class='ocrx_word' id='word_1_104' title='bbox 232 1493 291 1552; x_wconf 85' lang='lat' dir='ltr'><strong>acie</strong></span> <span class='ocrx_word' id='word_1_105' title='bbox 304 1497 419 1571; x_wconf 89' lang='lat' dir='ltr'><strong>possent</strong></span> <span class='ocrx_word' id='word_1_106' title='bbox 433 1494 508 1552; x_wconf 91' lang='lat' dir='ltr'><strong>oculi</strong></span> <span class='ocrx_word' id='word_1_107' title='bbox 521 1514 631 1553; x_wconf 85' lang='lat' dir='ltr'><strong>servare</strong></span> <span class='ocrx_word' id='word_1_108' title='bbox 645 1499 824 1573; x_wconf 87' lang='lat' dir='ltr'><strong>sequentum.</strong></span> 
     </span>
     <span class='ocr_line' id='line_1_17' title="bbox 100 1566 811 1651; baseline 0.008 -23"><span class='ocrx_word' id='word_1_109' title='bbox 100 1566 144 1628; x_wconf 75' lang='lat' dir='ltr'><strong>lde</strong></span> <span class='ocrx_word' id='word_1_110' title='bbox 156 1573 207 1632; x_wconf 91' lang='lat' dir='ltr'><strong>ubi</strong></span> <span class='ocrx_word' id='word_1_111' title='bbox 220 1593 321 1632; x_wconf 82' lang='lat' dir='ltr'><strong>venere</strong></span> <span class='ocrx_word' id='word_1_112' title='bbox 334 1574 371 1632; x_wconf 90' lang='lat' dir='ltr'><strong>ad</strong></span> <span class='ocrx_word' id='word_1_113' title='bbox 383 1574 478 1632; x_wconf 83' lang='lat' dir='ltr'><strong>fauces</strong></span> <span class='ocrx_word' id='word_1_114' title='bbox 491 1574 681 1651; x_wconf 87' lang='lat' dir='ltr'><strong>graveolentis</strong></span> <span class='ocrx_word' id='word_1_115' title='bbox 695 1576 811 1647; x_wconf 84' lang='lat' dir='ltr'><strong>Avemi‚</strong></span> 
     </span>
     <span class='ocr_line' id='line_1_18' title="bbox 101 1643 875 1735; baseline 0.012 -29"><span class='ocrx_word' id='word_1_116' title='bbox 101 1643 188 1711; x_wconf 62' lang='lat' dir='ltr'><strong>illunc</strong></span> <span class='ocrx_word' id='word_1_117' title='bbox 202 1673 232 1711; x_wconf 89' lang='lat' dir='ltr'><strong>se</strong></span> <span class='ocrx_word' id='word_1_118' title='bbox 246 1653 363 1725; x_wconf 82' lang='lat' dir='ltr'><strong>celeres3</strong></span> <span class='ocrx_word' id='word_1_119' title='bbox 384 1653 581 1731; x_wconf 89' lang='lat' dir='ltr'><strong>liquidumque</strong></span> <span class='ocrx_word' id='word_1_120' title='bbox 593 1674 644 1731; x_wconf 88' lang='lat' dir='ltr'><strong>per</strong></span> <span class='ocrx_word' id='word_1_121' title='bbox 657 1659 723 1713; x_wconf 71' lang='lat' dir='ltr'><strong>aera</strong></span> <span class='ocrx_word' id='word_1_122' title='bbox 734 1656 819 1733; x_wconf 85' lang='lat' dir='ltr'><strong>lapsae</strong></span> <span class='ocrx_word' id='word_1_123' title='bbox 871 1720 875 1735; x_wconf 56' lang='grc'>,</span> 
     </span>
     <span class='ocr_line' id='line_1_19' title="bbox 101 1724 778 1810; baseline 0.004 -20"><span class='ocrx_word' id='word_1_124' title='bbox 101 1724 188 1808; x_wconf 66' lang='lat' dir='ltr'><strong>dibus</strong></span> <span class='ocrx_word' id='word_1_125' title='bbox 203 1732 310 1810; x_wconf 90' lang='lat' dir='ltr'><strong>optatis</strong></span> <span class='ocrx_word' id='word_1_126' title='bbox 323 1733 445 1810; x_wconf 88' lang='lat' dir='ltr'><strong>geminae</strong></span> <span class='ocrx_word' id='word_1_127' title='bbox 460 1753 545 1810; x_wconf 90' lang='lat' dir='ltr'><strong>super</strong></span> <span class='ocrx_word' id='word_1_128' title='bbox 558 1735 657 1793; x_wconf 87' lang='lat' dir='ltr'><strong>arbore</strong></span> <span class='ocrx_word' id='word_1_129' title='bbox 670 1734 778 1808; x_wconf 89' lang='lat' dir='ltr'><strong>sidunt,</strong></span> 
     </span>
     <span class='ocr_line' id='line_1_20' title="bbox 101 1812 749 1890; baseline 0.012 -24"><span class='ocrx_word' id='word_1_130' title='bbox 101 1814 200 1871; x_wconf 84' lang='lat' dir='ltr'><strong>scolor</strong></span> <span class='ocrx_word' id='word_1_131' title='bbox 211 1812 289 1872; x_wconf 90' lang='lat' dir='ltr'><strong>unde</strong></span> <span class='ocrx_word' id='word_1_132' title='bbox 302 1813 364 1871; x_wconf 90' lang='lat' dir='ltr'><strong>auri</strong></span> <span class='ocrx_word' id='word_1_133' title='bbox 376 1833 426 1890; x_wconf 90' lang='lat' dir='ltr'><strong>per</strong></span> <span class='ocrx_word' id='word_1_134' title='bbox 439 1833 532 1871; x_wconf 89' lang='lat' dir='ltr'><strong>ramos</strong></span> <span class='ocrx_word' id='word_1_135' title='bbox 546 1833 615 1871; x_wconf 87' lang='lat' dir='ltr'><strong>aura</strong></span> <span class='ocrx_word' id='word_1_136' title='bbox 627 1815 749 1874; x_wconf 77' lang='lat' dir='ltr'><strong>refulsit.</strong></span> 
     </span>
    </p>

    <p class='ocr_par' dir='ltr' id='par_1_8' title="bbox 101 1889 716 1971">
     <span class='ocr_line' id='line_1_21' title="bbox 101 1889 716 1971; baseline 0.005 -22"><span class='ocrx_word' id='word_1_137' title='bbox 101 1889 158 1950; x_wconf 73' lang='lat' dir='ltr'><strong>lale</strong></span> <span class='ocrx_word' id='word_1_138' title='bbox 172 1892 247 1950; x_wconf 89' lang='lat' dir='ltr'><strong>solet</strong></span> <span class='ocrx_word' id='word_1_139' title='bbox 259 1892 339 1950; x_wconf 81' lang='lat' dir='ltr'><strong>silvis</strong></span> <span class='ocrx_word' id='word_1_140' title='bbox 351 1892 474 1951; x_wconf 88' lang='lat' dir='ltr'><strong>brumali</strong></span> <span class='ocrx_word' id='word_1_141' title='bbox 487 1893 591 1971; x_wconf 87' lang='lat' dir='ltr'><strong>frigore</strong></span> <span class='ocrx_word' id='word_1_142' title='bbox 604 1893 716 1952; x_wconf 71' lang='lat' dir='ltr'><strong>ameum</strong></span> 
     </span>
    </p>

    <p class='ocr_par' dir='ltr' id='par_1_9' title="bbox 102 1972 848 2113">
     <span class='ocr_line' id='line_1_22' title="bbox 102 1972 848 2049; baseline 0.007 -20"><span class='ocrx_word' id='word_1_143' title='bbox 102 1972 182 2029; x_wconf 84' lang='lat' dir='ltr'><strong>onde</strong></span> <span class='ocrx_word' id='word_1_144' title='bbox 196 1972 286 2030; x_wconf 91' lang='lat' dir='ltr'><strong>virere</strong></span> <span class='ocrx_word' id='word_1_145' title='bbox 299 1992 381 2044; x_wconf 80' lang='lat' dir='ltr'><strong>nova,</strong></span> <span class='ocrx_word' id='word_1_146' title='bbox 396 1973 473 2049; x_wconf 90' lang='lat' dir='ltr'><strong>quod</strong></span> <span class='ocrx_word' id='word_1_147' title='bbox 485 1993 544 2031; x_wconf 92' lang='lat' dir='ltr'><strong>non</strong></span> <span class='ocrx_word' id='word_1_148' title='bbox 557 1993 610 2031; x_wconf 88' lang='lat' dir='ltr'><strong>sua</strong></span> <span class='ocrx_word' id='word_1_149' title='bbox 622 1974 744 2032; x_wconf 88' lang='lat' dir='ltr'><strong>seminat</strong></span> <span class='ocrx_word' id='word_1_150' title='bbox 757 1975 848 2048; x_wconf 85' lang='lat' dir='ltr'><strong>arbos,</strong></span> 
     </span>
     <span class='ocr_line' id='line_1_23' title="bbox 118 2051 751 2113; baseline 0.011 -7"><span class='ocrx_word' id='word_1_151' title='bbox 118 2068 222 2110; x_wconf 91' lang='lat' dir='ltr'><strong>croceo</strong></span> <span class='ocrx_word' id='word_1_152' title='bbox 236 2051 299 2110; x_wconf 89' lang='lat' dir='ltr'><strong>fetu</strong></span> <span class='ocrx_word' id='word_1_153' title='bbox 311 2053 416 2111; x_wconf 88' lang='lat' dir='ltr'><strong>teretes</strong></span> <span class='ocrx_word' id='word_1_154' title='bbox 430 2052 604 2111; x_wconf 87' lang='lat' dir='ltr'><strong>circumdare</strong></span> <span class='ocrx_word' id='word_1_155' title='bbox 616 2056 751 2113; x_wconf 79' lang='lat' dir='ltr'><strong>trunms:</strong></span> 
     </span>
    </p>

    <p class='ocr_par' dir='ltr' id='par_1_10' title="bbox 101 2118 689 2210">
     <span class='ocr_line' id='line_1_24' title="bbox 101 2118 689 2210; baseline 0.003 -21"><span class='ocrx_word' id='word_1_156' title='bbox 101 2118 144 2190; x_wconf 84' lang='lat' dir='ltr'><strong>lis</strong></span> <span class='ocrx_word' id='word_1_157' title='bbox 158 2134 221 2190; x_wconf 86' lang='lat' dir='ltr'><strong>erat</strong></span> <span class='ocrx_word' id='word_1_158' title='bbox 235 2130 340 2209; x_wconf 88' lang='lat' dir='ltr'><strong>species</strong></span> <span class='ocrx_word' id='word_1_159' title='bbox 353 2130 415 2190; x_wconf 89' lang='lat' dir='ltr'><strong>auri</strong></span> <span class='ocrx_word' id='word_1_160' title='bbox 427 2132 587 2191; x_wconf 89' lang='lat' dir='ltr'><strong>frondentis</strong></span> <span class='ocrx_word' id='word_1_161' title='bbox 601 2153 689 2210; x_wconf 86' lang='lat' dir='ltr'><strong>opaca</strong></span> 
     </span>
    </p>

    <p class='ocr_par' dir='ltr' id='par_1_11' title="bbox 101 2210 696 2288">
     <span class='ocr_line' id='line_1_25' title="bbox 101 2210 696 2288; baseline 0.007 -20"><span class='ocrx_word' id='word_1_162' title='bbox 101 2220 153 2282; x_wconf 65' lang='lat' dir='ltr'><strong>2e3</strong></span> <span class='ocrx_word' id='word_1_163' title='bbox 175 2211 216 2269; x_wconf 90' lang='lat' dir='ltr'><strong>sic</strong></span> <span class='ocrx_word' id='word_1_164' title='bbox 229 2210 288 2269; x_wconf 85' lang='lat' dir='ltr'><strong>leni</strong></span> <span class='ocrx_word' id='word_1_165' title='bbox 301 2210 459 2288; x_wconf 86' lang='lat' dir='ltr'><strong>crepitabat</strong></span> <span class='ocrx_word' id='word_1_166' title='bbox 472 2212 588 2271; x_wconf 89' lang='lat' dir='ltr'><strong>bractea</strong></span> <span class='ocrx_word' id='word_1_167' title='bbox 600 2216 696 2272; x_wconf 89' lang='lat' dir='ltr'><strong>vento.</strong></span> 
     </span>
    </p>

    <p class='ocr_par' dir='ltr' id='par_1_12' title="bbox 101 2290 819 2687">
     <span class='ocr_line' id='line_1_26' title="bbox 101 2290 792 2372; baseline 0.006 -24"><span class='ocrx_word' id='word_1_168' title='bbox 101 2290 194 2368; x_wconf 76' lang='lat' dir='ltr'><strong>rripit</strong></span> <span class='ocrx_word' id='word_1_169' title='bbox 207 2290 313 2350; x_wconf 81' lang='lat' dir='ltr'><strong>AEneas</strong></span> <span class='ocrx_word' id='word_1_170' title='bbox 326 2291 478 2369; x_wconf 83' lang='lat' dir='ltr'><strong>extemplo,</strong></span> <span class='ocrx_word' id='word_1_171' title='bbox 492 2292 647 2369; x_wconf 85' lang='lat' dir='ltr'><strong>avidusque</strong></span> <span class='ocrx_word' id='word_1_172' title='bbox 659 2291 792 2372; x_wconf 81' lang='lat' dir='ltr'><strong>refringit</strong></span> 
     </span>
     <span class='ocr_line' id='line_1_27' title="bbox 102 2371 807 2450; baseline 0.004 -22"><span class='ocrx_word' id='word_1_173' title='bbox 102 2373 270 2443; x_wconf 79' lang='lat' dir='ltr'><strong>notantem,</strong></span> <span class='ocrx_word' id='word_1_174' title='bbox 284 2371 402 2429; x_wconf 83' lang='lat' dir='ltr'><strong>atratis</strong></span> <span class='ocrx_word' id='word_1_175' title='bbox 415 2374 512 2448; x_wconf 86' lang='lat' dir='ltr'><strong>portat</strong></span> <span class='ocrx_word' id='word_1_176' title='bbox 525 2373 579 2430; x_wconf 91' lang='lat' dir='ltr'><strong>sub</strong></span> <span class='ocrx_word' id='word_1_177' title='bbox 592 2375 671 2430; x_wconf 85' lang='lat' dir='ltr'><strong>tecta</strong></span> <span class='ocrx_word' id='word_1_178' title='bbox 684 2373 807 2450; x_wconf 73' lang='lat' dir='ltr'><strong>Sibyllae.</strong></span> 
     </span>
     <span class='ocr_line' id='line_1_28' title="bbox 101 2441 819 2512; baseline 0.004 -4"><span class='ocrx_word' id='word_1_179' title='bbox 101 2441 170 2509; x_wconf 83' lang='lat' dir='ltr'><strong>Nec</strong></span> <span class='ocrx_word' id='word_1_180' title='bbox 185 2450 280 2508; x_wconf 90' lang='lat' dir='ltr'><strong>minus</strong></span> <span class='ocrx_word' id='word_1_181' title='bbox 292 2450 402 2509; x_wconf 87' lang='lat' dir='ltr'><strong>interea</strong></span> <span class='ocrx_word' id='word_1_182' title='bbox 414 2451 562 2510; x_wconf 90' lang='lat' dir='ltr'><strong>Misenum</strong></span> <span class='ocrx_word' id='word_1_183' title='bbox 574 2451 605 2509; x_wconf 91' lang='lat' dir='ltr'><strong>in</strong></span> <span class='ocrx_word' id='word_1_184' title='bbox 617 2451 703 2511; x_wconf 85' lang='lat' dir='ltr'><strong>litore</strong></span> <span class='ocrx_word' id='word_1_185' title='bbox 716 2453 819 2512; x_wconf 82' lang='lat' dir='ltr'><strong>Teucri</strong></span> 
     </span>
     <span class='ocr_line' id='line_1_29' title="bbox 101 2526 766 2613; baseline 0.005 -26"><span class='ocrx_word' id='word_1_186' title='bbox 101 2526 200 2613; x_wconf 58' lang='lat' dir='ltr'><strong>¹abant,</strong></span> <span class='ocrx_word' id='word_1_187' title='bbox 214 2533 244 2588; x_wconf 85' lang='lat' dir='ltr'><strong>et</strong></span> <span class='ocrx_word' id='word_1_188' title='bbox 257 2530 345 2589; x_wconf 91' lang='lat' dir='ltr'><strong>cineri</strong></span> <span class='ocrx_word' id='word_1_189' title='bbox 357 2529 472 2608; x_wconf 88' lang='lat' dir='ltr'><strong>ingrato</strong></span> <span class='ocrx_word' id='word_1_190' title='bbox 485 2550 617 2608; x_wconf 87' lang='lat' dir='ltr'><strong>suprema</strong></span> <span class='ocrx_word' id='word_1_191' title='bbox 628 2531 766 2591; x_wconf 88' lang='lat' dir='ltr'><strong>ferebant.</strong></span> 
     </span>
     <span class='ocr_line' id='line_1_30' title="bbox 101 2609 706 2687; baseline 0.003 -20"><span class='ocrx_word' id='word_1_192' title='bbox 101 2609 213 2686; x_wconf 69' lang='lat' dir='ltr'><strong>incipio</strong></span> <span class='ocrx_word' id='word_1_193' title='bbox 226 2609 364 2687; x_wconf 84' lang='lat' dir='ltr'><strong>pinguem</strong></span> <span class='ocrx_word' id='word_1_194' title='bbox 375 2610 459 2668; x_wconf 84' lang='lat' dir='ltr'><strong>taedis</strong></span> <span class='ocrx_word' id='word_1_195' title='bbox 473 2613 503 2668; x_wconf 89' lang='lat' dir='ltr'><strong>et</strong></span> <span class='ocrx_word' id='word_1_196' title='bbox 515 2612 615 2670; x_wconf 89' lang='lat' dir='ltr'><strong>robore</strong></span> <span class='ocrx_word' id='word_1_197' title='bbox 628 2614 706 2669; x_wconf 86' lang='lat' dir='ltr'><strong>secto</strong></span> 
     </span>
    </p>

    <p class='ocr_par' dir='ltr' id='par_1_13' title="bbox 101 2690 880 3326">
     <span class='ocr_line' id='line_1_31' title="bbox 101 2690 801 2768; baseline 0.001 -20"><span class='ocrx_word' id='word_1_198' title='bbox 101 2693 223 2759; x_wconf 61' lang='lat' dir='ltr'><strong>gentem</strong></span> <span class='ocrx_word' id='word_1_199' title='bbox 236 2693 365 2748; x_wconf 73' lang='lat' dir='ltr'><strong>struxere</strong></span> <span class='ocrx_word' id='word_1_200' title='bbox 376 2709 493 2768; x_wconf 85' lang='lat' dir='ltr'><strong>pyram:</strong></span> <span class='ocrx_word' id='word_1_201' title='bbox 515 2690 562 2749; x_wconf 93' lang='lat' dir='ltr'><strong>cui</strong></span> <span class='ocrx_word' id='word_1_202' title='bbox 570 2691 718 2749; x_wconf 85' lang='lat' dir='ltr'><strong>frondibus</strong></span> <span class='ocrx_word' id='word_1_203' title='bbox 731 2690 801 2749; x_wconf 86' lang='lat' dir='ltr'><strong>atris</strong></span> 
     </span>
     <span class='ocr_line' id='line_1_32' title="bbox 102 2769 712 2847; baseline 0.003 -21"><span class='ocrx_word' id='word_1_204' title='bbox 102 2772 210 2827; x_wconf 70' lang='lat' dir='ltr'><strong>sexana</strong></span> <span class='ocrx_word' id='word_1_205' title='bbox 223 2769 320 2841; x_wconf 88' lang='lat' dir='ltr'><strong>latera,</strong></span> <span class='ocrx_word' id='word_1_206' title='bbox 331 2773 361 2828; x_wconf 88' lang='lat' dir='ltr'><strong>et</strong></span> <span class='ocrx_word' id='word_1_207' title='bbox 373 2769 473 2829; x_wconf 81' lang='lat' dir='ltr'><strong>ferales</strong></span> <span class='ocrx_word' id='word_1_208' title='bbox 485 2773 553 2829; x_wconf 91' lang='lat' dir='ltr'><strong>ante</strong></span> <span class='ocrx_word' id='word_1_209' title='bbox 566 2790 712 2847; x_wconf 84' lang='lat' dir='ltr'><strong>cupressos</strong></span> 
     </span>
     <span class='ocr_line' id='line_1_33' title="bbox 102 2848 867 2928; baseline 0.003 -22"><span class='ocrx_word' id='word_1_210' title='bbox 102 2848 268 2921; x_wconf 84' lang='lat' dir='ltr'><strong>nstituunt,</strong></span> <span class='ocrx_word' id='word_1_211' title='bbox 282 2848 472 2926; x_wconf 81' lang='lat' dir='ltr'><strong>decorantque</strong></span> <span class='ocrx_word' id='word_1_212' title='bbox 485 2870 569 2928; x_wconf 91' lang='lat' dir='ltr'><strong>super</strong></span> <span class='ocrx_word' id='word_1_213' title='bbox 582 2850 759 2928; x_wconf 88' lang='lat' dir='ltr'><strong>fulgentibus</strong></span> <span class='ocrx_word' id='word_1_214' title='bbox 772 2849 867 2908; x_wconf 89' lang='lat' dir='ltr'><strong>armis.</strong></span> 
     </span>
     <span class='ocr_line' id='line_1_34' title="bbox 102 2927 803 2989; baseline 0.003 -3"><span class='ocrx_word' id='word_1_215' title='bbox 102 2941 136 2986; x_wconf 72' lang='lat' dir='ltr'><strong>rs</strong></span> <span class='ocrx_word' id='word_1_216' title='bbox 150 2928 257 2986; x_wconf 88' lang='lat' dir='ltr'><strong>calidos</strong></span> <span class='ocrx_word' id='word_1_217' title='bbox 270 2927 369 2987; x_wconf 86' lang='lat' dir='ltr'><strong>latices</strong></span> <span class='ocrx_word' id='word_1_218' title='bbox 382 2932 413 2988; x_wconf 90' lang='lat' dir='ltr'><strong>et</strong></span> <span class='ocrx_word' id='word_1_219' title='bbox 426 2929 517 2987; x_wconf 86' lang='lat' dir='ltr'><strong>ahena</strong></span> <span class='ocrx_word' id='word_1_220' title='bbox 529 2930 670 2989; x_wconf 89' lang='lat' dir='ltr'><strong>undantia</strong></span> <span class='ocrx_word' id='word_1_221' title='bbox 681 2930 803 2988; x_wconf 88' lang='lat' dir='ltr'><strong>flammis</strong></span> 
     </span>
     <span class='ocr_line' id='line_1_35' title="bbox 102 3008 879 3088; baseline 0.004 -22"><span class='ocrx_word' id='word_1_222' title='bbox 102 3008 242 3084; x_wconf 85' lang='lat' dir='ltr'><strong>pediunt,</strong></span> <span class='ocrx_word' id='word_1_223' title='bbox 257 3028 414 3085; x_wconf 85' lang='lat' dir='ltr'><strong>corpusque</strong></span> <span class='ocrx_word' id='word_1_224' title='bbox 426 3008 525 3067; x_wconf 87' lang='lat' dir='ltr'><strong>lavant</strong></span> <span class='ocrx_word' id='word_1_225' title='bbox 537 3009 669 3087; x_wconf 86' lang='lat' dir='ltr'><strong>frigentis</strong></span> <span class='ocrx_word' id='word_1_226' title='bbox 683 3014 713 3068; x_wconf 88' lang='lat' dir='ltr'><strong>et</strong></span> <span class='ocrx_word' id='word_1_227' title='bbox 726 3011 879 3088; x_wconf 79' lang='lat' dir='ltr'><strong>unguuntz</strong></span> 
     </span>
     <span class='ocr_line' id='line_1_36' title="bbox 102 3087 880 3167; baseline 0.003 -21"><span class='ocrx_word' id='word_1_228' title='bbox 102 3102 109 3137; x_wconf 74' lang='lat'><strong>⁵</strong></span> <span class='ocrx_word' id='word_1_229' title='bbox 128 3087 266 3166; x_wconf 84' lang='lat' dir='ltr'><strong>gemitus.</strong></span> <span class='ocrx_word' id='word_1_230' title='bbox 307 3087 384 3146; x_wconf 77' lang='lat' dir='ltr'><strong>Tum</strong></span> <span class='ocrx_word' id='word_1_231' title='bbox 396 3088 524 3148; x_wconf 90' lang='lat' dir='ltr'><strong>membra</strong></span> <span class='ocrx_word' id='word_1_232' title='bbox 536 3092 600 3148; x_wconf 90' lang='lat' dir='ltr'><strong>toro</strong></span> <span class='ocrx_word' id='word_1_233' title='bbox 614 3089 717 3147; x_wconf 85' lang='lat' dir='ltr'><strong>defleta</strong></span> <span class='ocrx_word' id='word_1_234' title='bbox 729 3093 880 3167; x_wconf 89' lang='lat' dir='ltr'><strong>reponunt,</strong></span> 
     </span>
     <span class='ocr_line' id='line_1_37' title="bbox 102 3169 740 3245; baseline 0.005 -21"><span class='ocrx_word' id='word_1_235' title='bbox 102 3182 283 3245; x_wconf 78' lang='lat' dir='ltr'><strong>rpureasque</strong></span> <span class='ocrx_word' id='word_1_236' title='bbox 297 3187 382 3245; x_wconf 90' lang='lat' dir='ltr'><strong>super</strong></span> <span class='ocrx_word' id='word_1_237' title='bbox 393 3170 496 3240; x_wconf 84' lang='lat' dir='ltr'><strong>vestes,</strong></span> <span class='ocrx_word' id='word_1_238' title='bbox 509 3169 650 3226; x_wconf 88' lang='lat' dir='ltr'><strong>velamina</strong></span> <span class='ocrx_word' id='word_1_239' title='bbox 662 3172 740 3242; x_wconf 88' lang='lat' dir='ltr'><strong>nota,</strong></span> 
     </span>
     <span class='ocr_line' id='line_1_38' title="bbox 102 3247 708 3326; baseline 0.003 -22"><span class='ocrx_word' id='word_1_240' title='bbox 102 3247 247 3325; x_wconf 70' lang='lat' dir='ltr'><strong>rejiciunt:</strong></span> <span class='ocrx_word' id='word_1_241' title='bbox 268 3267 333 3325; x_wconf 88' lang='lat' dir='ltr'><strong>pars</strong></span> <span class='ocrx_word' id='word_1_242' title='bbox 347 3247 460 3326; x_wconf 90' lang='lat' dir='ltr'><strong>ingenti</strong></span> <span class='ocrx_word' id='word_1_243' title='bbox 473 3247 584 3307; x_wconf 91' lang='lat' dir='ltr'><strong>subiere</strong></span> <span class='ocrx_word' id='word_1_244' title='bbox 596 3248 708 3320; x_wconf 85' lang='lat' dir='ltr'><strong>feretro,</strong></span> 
     </span>
    </p>

    <p class='ocr_par' dir='ltr' id='par_1_14' title="bbox 102 3327 861 3486">
     <span class='ocr_line' id='line_1_39' title="bbox 102 3327 861 3406; baseline 0.003 -21"><span class='ocrx_word' id='word_1_245' title='bbox 102 3331 162 3385; x_wconf 72' lang='lat' dir='ltr'><strong>ste</strong></span> <span class='ocrx_word' id='word_1_246' title='bbox 175 3327 366 3386; x_wconf 89' lang='lat' dir='ltr'><strong>ministerium</strong></span> <span class='ocrx_word' id='word_1_247' title='bbox 377 3352 384 3400; x_wconf 93' lang='lat'>;</span> <span class='ocrx_word' id='word_1_248' title='bbox 404 3331 434 3387; x_wconf 90' lang='lat' dir='ltr'><strong>et</strong></span> <span class='ocrx_word' id='word_1_249' title='bbox 448 3328 605 3406; x_wconf 87' lang='lat' dir='ltr'><strong>subjectam</strong></span> <span class='ocrx_word' id='word_1_250' title='bbox 618 3347 696 3386; x_wconf 89' lang='lat' dir='ltr'><strong>more</strong></span> <span class='ocrx_word' id='word_1_251' title='bbox 709 3331 861 3405; x_wconf 85' lang='lat' dir='ltr'><strong>parentum</strong></span> 
     </span>
     <span class='ocr_line' id='line_1_40' title="bbox 102 3407 773 3486; baseline 0.003 -22"><span class='ocrx_word' id='word_1_252' title='bbox 102 3407 168 3464; x_wconf 77' lang='lat' dir='ltr'><strong>ersi</strong></span> <span class='ocrx_word' id='word_1_253' title='bbox 180 3408 298 3466; x_wconf 89' lang='lat' dir='ltr'><strong>tenuere</strong></span> <span class='ocrx_word' id='word_1_254' title='bbox 311 3408 410 3466; x_wconf 88' lang='lat' dir='ltr'><strong>facem.</strong></span> <span class='ocrx_word' id='word_1_255' title='bbox 453 3407 598 3486; x_wconf 79' lang='lat' dir='ltr'><strong>Congesta</strong></span> <span class='ocrx_word' id='word_1_256' title='bbox 611 3411 773 3466; x_wconf 84' lang='lat' dir='ltr'><strong>cremantur</strong></span> 
     </span>
    </p>

    <p class='ocr_par' dir='ltr' id='par_1_15' title="bbox 102 3486 694 3564">
     <span class='ocr_line' id='line_1_41' title="bbox 102 3486 694 3564; baseline 0.002 -21"><span class='ocrx_word' id='word_1_257' title='bbox 102 3500 181 3544; x_wconf 82' lang='lat' dir='ltr'><strong>urea</strong></span> <span class='ocrx_word' id='word_1_258' title='bbox 194 3486 276 3557; x_wconf 89' lang='lat' dir='ltr'><strong>dona,</strong></span> <span class='ocrx_word' id='word_1_259' title='bbox 291 3487 385 3564; x_wconf 87' lang='lat' dir='ltr'><strong>dapes,</strong></span> <span class='ocrx_word' id='word_1_260' title='bbox 398 3487 462 3545; x_wconf 91' lang='lat' dir='ltr'><strong>fuso</strong></span> <span class='ocrx_word' id='word_1_261' title='bbox 476 3490 597 3546; x_wconf 88' lang='lat' dir='ltr'><strong>crateres</strong></span> <span class='ocrx_word' id='word_1_262' title='bbox 611 3487 694 3546; x_wconf 84' lang='lat' dir='ltr'><strong>olivo.</strong></span> 
     </span>
    </p>

    <p class='ocr_par' dir='ltr' id='par_1_16' title="bbox 102 3565 785 3722">
     <span class='ocr_line' id='line_1_42' title="bbox 102 3565 785 3644; baseline 0.001 -20"><span class='ocrx_word' id='word_1_263' title='bbox 102 3568 225 3643; x_wconf 64' lang='lat' dir='ltr'><strong>ecquam</strong></span> <span class='ocrx_word' id='word_1_264' title='bbox 239 3565 354 3644; x_wconf 87' lang='lat' dir='ltr'><strong>collapsi</strong></span> <span class='ocrx_word' id='word_1_265' title='bbox 367 3567 482 3637; x_wconf 88' lang='lat' dir='ltr'><strong>cineres,</strong></span> <span class='ocrx_word' id='word_1_266' title='bbox 496 3570 526 3625; x_wconf 91' lang='lat' dir='ltr'><strong>et</strong></span> <span class='ocrx_word' id='word_1_267' title='bbox 539 3567 655 3625; x_wconf 87' lang='lat' dir='ltr'><strong>flamma</strong></span> <span class='ocrx_word' id='word_1_268' title='bbox 667 3567 785 3644; x_wconf 88' lang='lat' dir='ltr'><strong>quievit,</strong></span> 
     </span>
     <span class='ocr_line' id='line_1_43' title="bbox 102 3638 737 3722; baseline 0.006 -21"><span class='ocrx_word' id='word_1_269' title='bbox 102 3638 213 3722; x_wconf 88' lang='lat' dir='ltr'><strong>liquias</strong></span> <span class='ocrx_word' id='word_1_270' title='bbox 225 3646 294 3704; x_wconf 88' lang='lat' dir='ltr'><strong>vino</strong></span> <span class='ocrx_word' id='word_1_271' title='bbox 307 3649 338 3704; x_wconf 90' lang='lat' dir='ltr'><strong>et</strong></span> <span class='ocrx_word' id='word_1_272' title='bbox 350 3646 475 3704; x_wconf 90' lang='lat' dir='ltr'><strong>bibulam</strong></span> <span class='ocrx_word' id='word_1_273' title='bbox 490 3646 582 3705; x_wconf 85' lang='lat' dir='ltr'><strong>lavere</strong></span> <span class='ocrx_word' id='word_1_274' title='bbox 594 3647 737 3719; x_wconf 80' lang='lat' dir='ltr'><strong>favillam3</strong></span> 
     </span>
    </p>

    <p class='ocr_par' dir='ltr' id='par_1_17' title="bbox 102 3725 733 3804">
     <span class='ocr_line' id='line_1_44' title="bbox 102 3725 733 3804; baseline 0.002 -21"><span class='ocrx_word' id='word_1_275' title='bbox 102 3739 192 3802; x_wconf 63' lang='lat' dir='ltr'><strong>saque</strong></span> <span class='ocrx_word' id='word_1_276' title='bbox 205 3725 281 3785; x_wconf 86' lang='lat' dir='ltr'><strong>lecta</strong></span> <span class='ocrx_word' id='word_1_277' title='bbox 293 3726 363 3784; x_wconf 93' lang='lat' dir='ltr'><strong>cado</strong></span> <span class='ocrx_word' id='word_1_278' title='bbox 376 3726 450 3785; x_wconf 85' lang='lat' dir='ltr'><strong>texit</strong></span> <span class='ocrx_word' id='word_1_279' title='bbox 464 3725 618 3804; x_wconf 79' lang='lat' dir='ltr'><strong>Corynaeus</strong></span> <span class='ocrx_word' id='word_1_280' title='bbox 632 3726 733 3784; x_wconf 85' lang='lat' dir='ltr'><strong>aheno.</strong></span> 
     </span>
    </p>

    <p class='ocr_par' dir='ltr' id='par_1_18' title="bbox 103 3805 684 3883">
     <span class='ocr_line' id='line_1_45' title="bbox 103 3805 684 3883; baseline -0.002 -19"><span class='ocrx_word' id='word_1_281' title='bbox 103 3817 148 3864; x_wconf 58' lang='lat' dir='ltr'><strong>§m</strong></span> <span class='ocrx_word' id='word_1_282' title='bbox 161 3809 207 3864; x_wconf 92' lang='lat' dir='ltr'><strong>ter</strong></span> <span class='ocrx_word' id='word_1_283' title='bbox 220 3805 310 3865; x_wconf 88' lang='lat' dir='ltr'><strong>socios</strong></span> <span class='ocrx_word' id='word_1_284' title='bbox 322 3825 395 3883; x_wconf 90' lang='lat' dir='ltr'><strong>pura</strong></span> <span class='ocrx_word' id='word_1_285' title='bbox 407 3806 585 3864; x_wconf 86' lang='lat' dir='ltr'><strong>circumtulit</strong></span> <span class='ocrx_word' id='word_1_286' title='bbox 599 3805 684 3875; x_wconf 88' lang='lat' dir='ltr'><strong>unda,</strong></span> 
     </span>
    </p>

    <p class='ocr_par' dir='ltr' id='par_1_19' title="bbox 103 3885 695 3962">
     <span class='ocr_line' id='line_1_46' title="bbox 103 3885 695 3962; baseline 0.005 -19"><span class='ocrx_word' id='word_1_287' title='bbox 103 3897 206 3962; x_wconf 69' lang='lat' dir='ltr'><strong>argens</strong></span> <span class='ocrx_word' id='word_1_288' title='bbox 219 3905 282 3944; x_wconf 89' lang='lat' dir='ltr'><strong>rore</strong></span> <span class='ocrx_word' id='word_1_289' title='bbox 295 3885 350 3944; x_wconf 85' lang='lat' dir='ltr'><strong>levi</strong></span> <span class='ocrx_word' id='word_1_290' title='bbox 364 3888 395 3944; x_wconf 90' lang='lat' dir='ltr'><strong>et</strong></span> <span class='ocrx_word' id='word_1_291' title='bbox 406 3905 486 3944; x_wconf 85' lang='lat' dir='ltr'><strong>ramo</strong></span> <span class='ocrx_word' id='word_1_292' title='bbox 498 3885 588 3946; x_wconf 89' lang='lat' dir='ltr'><strong>felicis</strong></span> <span class='ocrx_word' id='word_1_293' title='bbox 602 3885 695 3959; x_wconf 72' lang='lat' dir='ltr'><strong>olivae,</strong></span> 
     </span>
    </p>
   </div>
   <div class='ocr_carea' id='block_1_3' title="bbox 103 3964 794 4123">
    <p class='ocr_par' dir='ltr' id='par_1_20' title="bbox 103 3964 794 4123">
     <span class='ocr_line' id='line_1_47' title="bbox 103 3964 794 4046; baseline 0.017 -27"><span class='ocrx_word' id='word_1_294' title='bbox 103 3965 263 4039; x_wconf 73' lang='lat' dir='ltr'><strong>stravitque</strong></span> <span class='ocrx_word' id='word_1_295' title='bbox 276 3964 357 4038; x_wconf 83' lang='lat' dir='ltr'><strong>rr&#39;ros,</strong></span> <span class='ocrx_word' id='word_1_296' title='bbox 372 3965 505 4046; x_wconf 80' lang='lat' dir='ltr'><strong>dixitque</strong></span> <span class='ocrx_word' id='word_1_297' title='bbox 518 3967 682 4030; x_wconf 87' lang='lat' dir='ltr'><strong>novissima</strong></span> <span class='ocrx_word' id='word_1_298' title='bbox 694 3967 794 4030; x_wconf 85' lang='lat' dir='ltr'><strong>verba.</strong></span> 
     </span>
     <span class='ocr_line' id='line_1_48' title="bbox 509 4067 532 4123; baseline 0 0"><span class='ocrx_word' id='word_1_299' title='bbox 509 4067 532 4123; x_wconf 78' lang='lat' dir='ltr'>Q</span> 
     </span>
    </p>
   </div>
   <div class='ocr_carea' id='block_1_4' title="bbox 0 0 1233 4260">
    <p class='ocr_par' dir='ltr' id='par_1_21' title="bbox 0 0 1233 4260">
     <span class='ocr_line' id='line_1_49' title="bbox 0 0 1233 4260; baseline 0 0"><span class='ocrx_word' id='word_1_300' title='bbox 0 0 1233 4260; x_wconf 95' lang='lat' dir='ltr'><strong> </strong></span> 
     </span>
    </p>
   </div>
  </div>
 </body>
</html>
