2370 4260
427 129 570 172 nmmos
584 129 645 172 nm.
660 130 697 171 11.
975 112 1032 170 137

117 261 212 332 Limina
222 276 370 346 tectorum,
384 276 414 332 et
427 273 553 332 medium
566 273 597 330 in
609 272 798 349 penetralibus
811 272 933 345 hostem,

118 346 191 412 Anna
201 354 244 412 diu
256 354 348 413 senior
361 354 478 412 desueta
490 352 678 411 trementibus
691 372 750 411 aevo

119 425 258 492 (lhcumdat
270 434 460 512 nequidquam
472 433 607 504 humeris,
621 435 650 490 et
663 432 765 491 inutile
778 433 884 490 ferrum

119 505 236 590 dagila
248 534 279 572 ac
292 514 393 572 densos
406 514 497 572 fertur
509 512 663 570 moritmus
676 512 707 569 in
719 511 825 571 hostes.

119 586 216 652 AEdibus
227 594 257 652 in
269 593 378 666 mediis,
391 592 523 670 nudoque
536 591 588 649 sub
601 591 716 650 aetheris
729 611 789 664 axe,

119 665 204 750 Ingens
216 694 263 732 ara
274 674 339 746 fuit,
348 674 488 750 juxtaque
500 671 651 730 veterrima
663 670 767 743 laurus,

119 745 265 812 Incumbens
278 773 332 811 arae
345 756 431 829 atque
444 752 545 809 umbra
558 751 702 828 complexa
714 753 839 828 penates.

118 826 164 890 Hic
174 833 286 892 Hecuba
298 836 329 891 et
341 836 416 891 natae
429 831 619 908 nequidquam
632 830 732 889 altaria
744 831 859 902 circum,

118 905 259 989 Piacipites
269 915 333 971 atra
345 932 398 970 ceu
409 913 580 988 tempestate
593 910 740 983 columbae,

118 987 248 1050 (londensae
261 996 292 1051 et
304 992 404 1050 divum
417 991 551 1068 amplexae
565 990 714 1048 simulacra
726 990 869 1048 sedebant.

116 1065 197 1146 Ipsum
209 1075 304 1130 autem
317 1071 421 1129 sumtis
434 1071 582 1129 Priamum
591 1069 769 1148 juvenalibus
783 1070 868 1128 armis

115 1145 149 1207 Ut
159 1150 278 1223 vidit,—‘
288 1151 357 1224 Quae
370 1170 451 1209 mens
463 1151 525 1208 tam
538 1150 607 1222 dira,
620 1149 776 1208 miserrime
790 1150 902 1226 conjux,

114 1225 215 1307 Impulit
227 1232 272 1289 his
286 1231 364 1308 cingi
375 1229 464 1289 telis?
486 1233 536 1287 aut
550 1249 606 1306 quo
618 1229 678 1286 ruis
688 1228 710 1288 l’
733 1229 835 1306 inquit.

114 1309 183 1368 ‘Non
193 1311 244 1369 tali
257 1310 369 1382 auxilio,
382 1329 434 1369 nec
447 1309 638 1368 defensoribus
650 1309 713 1366 istis

113 1386 218 1468 Tempus
231 1394 313 1469 cget3
332 1410 399 1462 non,
413 1390 438 1447 si
449 1390 510 1467 ipse
522 1409 602 1447 meus
616 1409 691 1447 nunc
704 1389 804 1447 afforet
817 1388 936 1448 Hector.

114 1465 169 1527 Huc
178 1471 291 1530 tandem
305 1470 442 1542 concedc3
461 1469 522 1527 haec
535 1489 583 1527 ara
595 1469 724 1527 tuebitur
737 1488 843 1542 omnes,

113 1547 164 1606 Aut
173 1551 287 1610 moriere
300 1550 403 1608 simul!
445 1549 491 1607 Sic
505 1568 552 1607 ore
566 1549 650 1606 effata
662 1548 768 1625 recepit

115 1626 222 1703 Adesse,
235 1634 265 1689 et
278 1649 357 1688 sacra
368 1629 530 1706 longarum
542 1629 574 1687 in
586 1628 650 1686 sede
663 1627 777 1686 locavit.

147 1709 233 1769 “Ecce
246 1713 344 1768 autem
356 1709 466 1786 elapsus
479 1708 586 1786 Pyrrhi
598 1708 633 1766 de
646 1708 722 1766 caede
736 1706 853 1780 Polites,

117 1783 182 1847 Unus
193 1793 325 1849 natorum
337 1788 454 1859 Priami,
467 1808 517 1866 per
529 1788 595 1859 tela,
605 1808 654 1864 per
667 1787 764 1846 hostes

118 1862 255 1928 Porticibus
268 1868 362 1946 longis
375 1868 459 1946 fugit,
473 1870 503 1926 et
515 1887 604 1926 vacua
617 1866 690 1925 atria
702 1867 807 1925 lustrat

121 1942 220 2008 Saucius.
260 1949 350 2007 Illum
362 1949 463 2008 ardens
475 1947 579 2006 infesto
592 1947 707 2006 vidnere
720 1945 849 2024 Pyrrhus

122 2021 267 2106 lnseqmtur,
276 2028 463 2108 jamjamque
476 2047 564 2085 manu
575 2029 665 2100 tenet,
679 2029 709 2085 et
721 2026 826 2104 premit
839 2027 931 2087 hasta.

123 2100 155 2162 Ut
163 2110 268 2168 tandem
281 2112 349 2168 ante
362 2107 457 2167 oculos
470 2107 560 2166 evasit
573 2109 603 2165 et
617 2127 666 2165 ora
677 2110 838 2184 parentum,

127 2180 237 2262 Concidit,
251 2209 283 2247 ac
297 2188 389 2247 multo
402 2187 494 2245 vitam
506 2206 572 2244 cum
585 2186 721 2264 sanguine
733 2185 817 2244 fridit.

126 2258 167 2322 Hic
177 2267 311 2340 Priamus,
325 2287 486 2345 quanquam
497 2266 529 2324 in
541 2267 634 2325 media
642 2266 704 2344 jam
716 2268 810 2324 morte
822 2268 945 2335 tenetis,

126 2337 174 2404 Non
184 2351 276 2407 tamen
289 2347 436 2419 abstinuit,
450 2366 502 2404 nec
515 2345 578 2404 voci
590 2346 697 2424 iraeque
710 2346 844 2424 pepercit.

128 2421 166 2513 ‘lt
176 2427 223 2488 tibi
235 2448 287 2506 pro
301 2427 420 2499 scelere,’
436 2426 583 2498 exclamat,
597 2431 664 2502 ‘pro
677 2426 782 2485 talibus
796 2425 880 2496 ausis,

127 2495 506 2665 thehillathi?
511 2505 669 2662 3¹1?le
677 2509 803 2644 {tta

127 2655 212 2740 Debita,
226 2668 275 2745 qui
288 2667 351 2725 nati
364 2686 458 2725 coram
470 2685 517 2724 me
530 2685 643 2724 cernere
655 2665 747 2724 letum

127 2733 213 2821 Fecisti,
227 2751 257 2806 et
270 2746 378 2825 patrios
390 2745 505 2804 foedasti
517 2745 615 2804 funere
627 2745 733 2804 vultus.

126 2816 155 2877 ll
163 2845 210 2885 non
222 2827 278 2900 ille,
293 2829 388 2885 satum
401 2846 457 2901 quo
469 2828 500 2882 te
513 2824 651 2897 mentiris,
665 2823 791 2882 Achilles

126 2893 181 2961 Talis
191 2907 220 2966 in
231 2907 315 2965 hoste
328 2906 384 2964 fuit
397 2905 529 2976 Priam03
550 2904 600 2963 sed
607 2904 674 2983 jura
686 2905 826 2980 fidemque

127 2973 238 3060 supplicis
251 2986 374 3056 erubuit,
387 3004 543 3062 corpusque
556 3003 696 3062 exsangue
709 2983 836 3060 sepulcro

127 3051 237 3147 Reddidit
250 3067 436 3136 Hectoreum,
450 3083 551 3141 meque
563 3063 594 3121 in
606 3084 671 3122 mea
682 3083 771 3141 regna
782 3061 910 3123 remisit!

128 3132 160 3197 Slc
169 3144 236 3205 fatus
249 3146 351 3218 senior,
363 3144 509 3221 telumque
521 3143 634 3202 imbelle
648 3145 708 3203 sine
720 3144 782 3202 ictu

129 3212 245 3300 (lony'ccit3
264 3245 350 3284 rauco
364 3225 440 3302 quod
452 3223 582 3300 protinus
595 3243 649 3282 aere
662 3224 817 3301 repulsum,

129 3290 158 3354 111
168 3323 266 3364 summo
280 3304 362 3383 clipei
375 3303 567 3381 nequidquam
579 3304 702 3363 umbone
715 3302 858 3381 pependit.

130 3370 167 3437 (bi
177 3382 313 3464 Pyrrhus:
335 3383 467 3442 ‘Referes
481 3403 548 3461 ergo
561 3382 630 3455 haec,
644 3386 674 3442 et
687 3385 807 3447 nuncius
822 3381 876 3440 ibis

129 3448 208 3523 Pelidae
220 3463 360 3544 genitori:
381 3463 424 3521 illi
436 3483 501 3521 mea
513 3463 609 3522 tristia
621 3464 698 3522 facta

130 3527 336 3623 Degeneremque
349 3542 572 3620 Neoptolemum
585 3563 698 3602 narrare
710 3543 864 3602 memento.

129 3607 193 3680 Nune
204 3625 327 3685 morere!
362 3623 429 3681 Hoc
443 3623 547 3696 dicens,
561 3623 661 3682 altaria
674 3624 710 3682 ad
722 3624 783 3700 ipsa
795 3619 966 3680 trementem

130 3685 206 3762 Traxit
217 3710 244 3764 et
256 3706 288 3763 in
299 3703 393 3761 multo
406 3701 566 3779 lapsantem
579 3704 715 3783 sanguine
728 3700 799 3775 nati,

130 3765 300 3859 IInplicuitque
312 3802 420 3840 comam
432 3783 515 3857 lara,
530 3784 688 3866 dextraque
702 3805 858 3848 comacum

116 3842 248 3916 danea
257 3860 345 3916 aas
356 3862 456 3937 espen
471 3866 559 3926 senus
573 3869 690 3932 absida
705 3891 820 3936 ensem.
