2446 4260
459 211 602 255 AENEIDOS
616 213 678 254 mn.
692 213 751 255 ΧΠ.

131 357 194 415 Dat
207 354 348 434 gemitum
359 355 461 415 tellus:
481 358 547 415 tum
560 354 671 414 crebros
685 355 798 414 ensibus
810 355 885 414 ictus

132 436 351 514 congeminant.
392 435 465 494 Fors
479 439 508 494 et
521 436 613 494 virtus
627 435 783 494 miscentur
795 435 826 493 in
838 456 938 493 uuum.

131 517 176 574 Ac
189 515 270 575 velut
283 515 395 593 ingenti
408 515 468 573 Sila
480 535 627 574 summove
640 516 774 574 Taburno

132 596 230 668 Quum
244 596 300 653 duo
314 595 454 654 conversis
467 595 582 654 inimica
594 596 625 653 in
637 596 739 672 proelia
750 594 828 653 tauri

132 676 291 734 Frontibus
304 675 462 747 incmmmt,
475 676 571 753 pavidi
583 695 690 734 cessere
702 674 834 753 magistri
845 698 852 746 ;

131 756 199 814 Stat
211 776 296 834 pecus
309 775 393 814 omne
405 759 487 815 metu
498 759 621 827 mutum,
630 759 815 832 mussantque
823 754 961 832 J'uveucoe,

133 836 203 908 Quis
217 835 326 894 nemori
337 835 491 913 imperitet,
506 856 590 912 quem
602 839 667 894 tota
679 841 809 894 armenta
821 839 992 912 sequantur;

132 915 184 973 Illi
196 915 273 974 inter
285 935 344 973 sese
357 916 451 973 multa
463 914 493 973 vi
505 915 622 972 vulnera
635 915 765 987 miscent,

133 995 301 1071 Cornuaque
314 995 411 1053 obnixi
423 995 558 1072 infigimt,
572 999 602 1052 et
615 995 752 1072 sanguine
765 995 844 1072 largo

134 1074 214 1133 Colla
227 1094 375 1153 armosque
387 1074 501 1147 lavant,
521 1074 633 1152 gemitu
646 1095 745 1132 nemus
759 1094 842 1132 omne
855 1072 999 1152 remugit:

132 1154 223 1212 Haud
236 1154 319 1212 aliter
332 1154 405 1212 Tros
418 1154 524 1212 AEneas
537 1158 567 1213 et
582 1154 712 1211 Daunius
726 1154 808 1212 heros

134 1233 314 1292 Concurrunt
328 1233 424 1311 clipeis
435 1259 441 1306 ;
461 1234 562 1311 ingens
576 1234 671 1311 fragor
684 1233 793 1292 aethera
806 1232 938 1310 complet.

134 1313 250 1391 Jupiter
262 1314 322 1391 ipse
335 1314 405 1372 duas
419 1317 532 1391 aequato
545 1315 672 1372 examine
685 1313 779 1371 lances

134 1393 272 1466 Sustinet,
285 1397 316 1452 et
328 1393 389 1451 fata
401 1393 524 1471 imponit
537 1394 648 1452 diversa
661 1394 790 1464 duorum,

134 1473 227 1544 Quem
240 1473 356 1531 damnet
369 1473 457 1546 labor,
470 1477 500 1533 et
514 1494 570 1550 quo
583 1475 684 1550 vergat
697 1473 820 1550 pondere
832 1472 932 1531 letum.

133 1553 250 1611 Emicat
263 1552 448 1631 hic,1mpnne
461 1556 574 1631 putans,
588 1557 618 1612 et
632 1573 747 1631 corpore
759 1557 824 1611 toto

133 1633 202 1692 Alte
216 1599 362 1691 sublatirm
375 1634 522 1711 consurgit
536 1633 671 1692 Tiunus'
663 1654 694 1691 1n
707 1653 812 1705 ensem,

133 1712 176 1771 Et
190 1713 265 1771 ferit
305 1712 477 1771 Exclamant
491 1714 581 1771 Troes
595 1713 754 1790 trepidique
768 1711 875 1782 Latini,

133 1792 318 1869 Arrectaeque
332 1793 480 1851 amborum
494 1793 575 1851 acies.
616 1794 659 1850 At
672 1794 796 1870 perfidus
810 1792 884 1850 ensis

134 1871 300 1950 Frangitur,
313 1872 344 1930 in
357 1872 505 1948 medioque
518 1873 665 1931 ardentem
678 1873 782 1931 deserit
794 1873 873 1931 ictu:

133 1951 176 2010 Ni
189 1953 258 2030 fuga
271 1951 395 2010 subsidio
409 1952 517 2010 subeat.
559 1953 649 2031 Fugit
663 1954 739 2011 ocior
751 1973 827 2024 euro,

134 2031 179 2089 Ut
193 2033 325 2108 capulum
339 2033 473 2110 ignotum
486 2033 670 2124 dextramque
684 2033 813 2110 aspexit
805 2051 973 2091 mermem.

135 2111 226 2170 Fama
239 2115 283 2170 est
285 2113 488 2190 ,praecipitem
502 2133 591 2190 quum
604 2112 696 2190 prima
708 2113 739 2170 iu
752 2111 852 2190 proelia
860 2112 977 2191 junctos

136 2190 350 2251 Conscendebat
364 2212 458 2268 equos,
472 2193 566 2269 patrio
579 2212 714 2251 mucrone
726 2193 835 2262 relicto,

134 2271 215 2329 Dum
227 2272 362 2349 trepidat,
376 2272 483 2330 serrum
497 2273 603 2349 aurigae
615 2272 741 2349 rapuisse
755 2237 889 2344 Metisci3

135 2350 228 2427 quue
241 2352 299 2422 diu,
313 2352 381 2408 dum
395 2355 478 2428 terga
490 2352 597 2411 dabant
610 2353 737 2429 palantia
749 2352 860 2423 Teucri,

135 2430 272 2490 suffecit:
293 2434 444 2508 postquam
459 2451 538 2490 arma
551 2432 596 2490 dei
610 2433 646 2490 ad
659 2432 799 2491 Vulcania
810 2433 940 2502 ventum,

135 2510 270 2569 Mortalis
283 2531 390 2581 mucro,
404 2511 507 2588 glacies
521 2512 685 2583 consutilis,
698 2514 760 2570 ictu

137 2589 273 2649 Dissiluit
285 2615 291 2649 :
312 2591 391 2648 fulva
403 2590 584 2666 resplendent
597 2590 740 2668 fragmina
752 2611 845 2649 arena.

136 2670 216 2748 Ergo
230 2691 326 2728 amens
340 2671 450 2729 diversa
463 2670 532 2747 fuga
544 2671 618 2747 petit
631 2690 745 2747 aequora
758 2671 888 2742 Turnus3

136 2750 179 2807 Et
192 2771 268 2809 nunc
281 2750 346 2822 huc,
359 2751 425 2808 inde
438 2750 495 2809 huc
508 2750 631 2809 incertos
644 2750 771 2828 implicat
785 2751 874 2808 orbes.

137 2830 271 2908 Undique
285 2830 361 2888 enim
375 2831 462 2889 densa
475 2830 578 2889 Teucri
590 2830 728 2888 inclusere
741 2849 861 2901 corona3

136 2911 234 2986 Atque
247 2910 314 2968 hinc
327 2913 410 2969 vasta
422 2909 512 2987 palus,
525 2910 593 2968 hinc
606 2911 694 2969 ardua
706 2910 811 2968 moenia
824 2909 953 2986 cingimt.

176 2991 240 3048 Nec
252 2990 348 3047 minus
361 2989 474 3061 AEneas,
489 3010 648 3066 quanquam
663 2991 777 3048 tardata
789 2990 897 3068 sagitta

137 3069 289 3128 Interdum
302 3089 395 3147 genua
407 3069 567 3146 impediunt
580 3090 747 3148 cursumque
760 3072 901 3141 recusant,

137 3149 312 3226 Insequitur,
325 3149 485 3226 trepidique
497 3150 599 3226 pedem
612 3151 683 3226 pede
696 3150 820 3208 fervidus
834 3152 934 3227 urget:

137 3229 285 3288 Inclusum
298 3227 389 3286 veluti
402 3229 427 3285 si
441 3229 553 3304 quando
566 3230 683 3288 flumine
696 3233 799 3288 nactus

138 3308 270 3380 Corvum,
284 3311 335 3366 111
349 3308 473 3385 punioeae
488 3311 602 3385 septum
616 3309 766 3368 formidine
780 3329 889 3387 pennae,

137 3388 265 3448 Venator
279 3408 364 3447 cursu
377 3387 454 3446 cenis
467 3391 497 3446 et
510 3389 661 3446 latratibus
674 3389 783 3461 instat3

138 3468 194 3526 Ille
207 3472 312 3539 autem,
325 3467 435 3526 insidiis
449 3467 514 3526 11
491 3488 554 3560 ripa
566 3468 683 3526 territus
697 3469 763 3541 alta,

138 3548 222 3606 Mille
235 3514 312 3626 fugit
325 3547 527 3626 refugitque
499 3568 576 3606 v1as:
598 3551 629 3606 at
642 3549 753 3607 vividus
767 3547 877 3605 Umber

138 3628 241 3686 Haeret
254 3628 417 3686 hians'em
338 3648 417 3705 ,amJ
425 3627 542 3705 jamque
555 3630 645 3699 tenet,
659 3630 813 3703 similisque
826 3625 938 3685 tenenti

138 3707 287 3785 Increpuit
300 3708 390 3777 malis,
404 3727 556 3783 morsuque
569 3674 684 3766 1111111
676 3729 754 3766 mam
746 3709 820 3765 'est

138 3787 215 3846 Tum
228 3808 295 3846 vero
309 3787 435 3845 exoritur
448 3787 572 3859 clamor3
592 3788 715 3864 ripaeque
728 3788 860 3862 lacusque

138 3867 321 3944 Responsant
335 3867 415 3937 circa,
429 3869 459 3924 et
473 3867 574 3925 coelnm
588 3870 671 3925 tonat
684 3887 768 3926 omne
779 3865 917 3924 tumultu.

138 3947 193 4005 Ille
207 3947 292 4005 simul
305 3946 424 4024 fugiens,
438 3945 564 4005 Rutulos
577 3947 663 4006 simul
674 3948 801 4025 increpat
815 3966 921 4019 omnes,
