2446 4260
460 214 602 256 nxnmos
616 215 678 256 1111.
693 217 750 257 1111.
1022 201 1081 260 393

135 357 183 414 An
196 355 292 415 fratris
306 356 402 415 miseri
414 355 507 415 letum
520 359 554 414 ut
568 358 679 416 crudele
692 357 825 418 videres?

134 437 214 494 Nam
228 436 297 513 quid
309 436 390 514 ago?
411 440 461 495 aut
475 457 537 514 quae
547 437 608 515 jarn
622 439 742 516 spondet
756 439 873 498 fortuna
885 437 1033 498 salutem?

133 516 202 574 Vidi
215 516 311 574 oculos
325 519 392 574 ante
404 517 464 593 ipse
478 537 555 574 meos
568 537 615 575 me
628 538 696 576 voce
709 522 859 577 vocantem

134 596 314 667 Murranum,
329 616 384 672 quo
397 617 456 654 non
469 600 584 673 superat
596 597 669 654 mihi
682 599 771 656 carior
784 599 864 671 alter,

134 675 275 753 Oppetere
287 676 435 752 ingentem
448 680 535 753 atque
547 676 660 754 ingenti
673 678 789 737 vulnere
802 679 921 738 victum.

134 755 247 814 Occidit
260 754 366 827 infelix,
380 776 416 814 11
428 760 559 814 nostrum
574 755 694 816 dedecus
710 758 799 816 Ufens

133 835 300 913 Aspiceret;
314 835 415 895 Teucri
428 836 579 913 potiuntur
593 857 707 914 corpore
721 841 751 896 et
765 839 859 896 armis.

134 915 308 973 Exscindine
321 916 429 987 domos,
442 915 474 973 id
486 915 568 972 rebus
582 916 673 974 defuit
686 938 785 989 unum,

134 993 304 1072 Perpetiar?
325 996 425 1053 dextra
437 1015 489 1052 nec
502 995 623 1052 Drancis
637 997 714 1055 dicta
727 995 876 1056 refellam?

134 1074 228 1152 Terga
238 1074 310 1133 dabo
323 1073 336 1132 P
357 1078 386 1132 et
397 1075 527 1131 Turnum
537 1075 696 1151 fugientem
707 1076 770 1134 haec
780 1081 856 1135 terra
869 1076 1001 1136 videbit?

133 1154 232 1231 Usque
246 1155 351 1212 adeone
364 1154 437 1212 mori
450 1153 585 1211 miserum
598 1157 642 1212 est
655 1154 668 1213 1
689 1175 740 1214 vos
753 1177 770 1214 ο
784 1156 856 1214 mihi
869 1157 971 1215 Manes

134 1234 206 1293 Este
220 1233 303 1292 boni:
325 1234 458 1310 quoniam
471 1234 579 1311 superis
593 1254 690 1292 aversa
702 1235 843 1293 voluntas.

134 1312 239 1372 Sancta
252 1313 289 1371 ad
301 1334 351 1371 vos
366 1314 467 1389 anima,
482 1318 568 1390 atque
581 1313 664 1372 istius
677 1315 766 1373 inscia
779 1316 867 1391 culpae

134 1393 322 1464 Descendam,
335 1413 505 1470 magnorum
519 1394 596 1450 haud
609 1415 735 1470 unquam
749 1395 883 1472 indignus
897 1396 1045 1453 avorum.’'

172 1473 229 1530 Vix
239 1493 273 1531 ea
284 1473 361 1532 satus
375 1476 452 1532 erat:
472 1473 581 1532 medios
594 1475 672 1532 volat
686 1495 749 1533 ecce
761 1495 812 1552 per
825 1475 922 1534 hostes

133 1553 241 1611 Vectus
254 1573 326 1630 equo
340 1555 491 1630 spumante
505 1553 596 1625 Saces,
610 1553 727 1613 adversa
740 1555 848 1631 sagitta

134 1632 251 1691 Saucius
265 1653 321 1704 ora,
334 1633 449 1710 ruitque
461 1632 615 1710 implorans
628 1635 743 1692 nomine
757 1635 902 1693 Turnum:

134 1717 150 1742 “
160 1713 264 1785 Turne,
277 1713 308 1770 in
321 1714 351 1770 te
365 1732 497 1790 suprema
509 1713 599 1784 salus3
621 1714 752 1772 miserere
765 1717 892 1773 tuorum.

134 1790 283 1850 Fulminat
296 1792 402 1850 AEneas
415 1792 510 1863 armis,
524 1813 705 1871 summasque
718 1794 845 1852 minatur

96 1909 99 1914 ν
133 1872 321 1950 Dejecturum
334 1892 410 1930 arces
424 1872 543 1943 Italum,
557 1873 720 1950 excidioque
734 1874 884 1946 datmum3

133 1951 257 2030 Jamque
270 1952 343 2010 faces
357 1951 394 2009 ad
405 1954 485 2010 tecta
496 1952 604 2010 volant.
645 1953 683 2010 In
696 1957 726 2012 te
740 1974 789 2012 ora
802 1953 910 2026 Latini,

133 2031 171 2088 In
184 2034 215 2090 te
228 2031 323 2090 oculos
335 2032 478 2090 referunt:
499 2035 609 2090 mussat
622 2053 672 2090 rex
685 2033 745 2110 ipse
759 2034 890 2106 Latinus,

134 2110 212 2182 Quos
225 2131 343 2188 generos
355 2114 448 2183 vocet,
461 2115 513 2170 aut
527 2132 591 2188 quae
605 2132 665 2170 1111
679 2113 714 2170 ad
727 2113 833 2172 foedera
845 2114 951 2172 flectat.

134 2190 276 2249 Praeterea
288 2191 394 2269 regina,
407 2191 453 2249 tui
465 2191 612 2264 fidissima,
624 2192 724 2250 dextra

134 2270 247 2329 Occidit
259 2271 321 2348 ipsa
334 2291 393 2343 sua,
406 2271 553 2349 lucemque
566 2271 702 2330 exterrita
714 2271 799 2350 fugit.

135 2349 194 2408 Soli
206 2370 258 2427 pro
271 2351 361 2428 portis
375 2351 525 2428 Messapus
539 2354 569 2410 et
583 2371 646 2410 acer
659 2351 763 2415 Atinas

135 2430 305 2488 Sustentant
319 2430 416 2488 aciem.
457 2429 573 2489 Circum
585 2431 638 2489 hos
652 2432 795 2508 utrimque
808 2431 963 2509 phalanges

134 2509 221 2568 Stant
234 2510 335 2582 densae,
350 2509 512 2586 strictisque
526 2530 605 2587 seges
618 2512 800 2569 mucronibus
814 2511 911 2570 horret

134 2589 253 2649 Ferrea:
274 2593 309 2648 tu
322 2609 437 2647 currum
449 2589 560 2648 deserto
573 2589 604 2646 in
617 2589 745 2666 gramine
759 2591 882 2648 versas.”

135 2669 293 2746 Obstupuit
306 2669 384 2726 varia
397 2668 530 2726 confusus
543 2669 667 2746 imagine
680 2688 775 2727 rerum

132 2749 255 2820 Turnus,
269 2751 299 2807 et
313 2749 418 2806 obtutu
431 2747 520 2806 tacito
534 2748 627 2806 111111.
667 2748 786 2806 AEstuat
799 2748 901 2826 ingens

134 2828 202 2886 Uno
215 2829 246 2885 in
259 2829 342 2886 corde
355 2828 454 2904 pudor,
468 2828 613 2905 mixtoque
626 2827 738 2886 insania
751 2827 841 2901 luctu,

134 2908 177 2966 Et
192 2907 287 2966 Furiis
301 2908 426 2985 agitatus
440 2928 528 2978 amor,
542 2910 572 2965 et
586 2907 697 2966 conscia
709 2908 810 2966 virtus.

134 2988 179 3046 Ut
191 2987 316 3065 primum
329 2987 460 3045 discussa
473 2987 589 3058 umbrae,
603 2990 632 3045 et
645 2986 696 3045 lux
709 2988 816 3046 reditta
827 2987 928 3060 menti,

134 3068 275 3126 Ardentes
289 3067 435 3126 oculorum
448 3067 529 3124 orbes
542 3067 579 3124 ad
591 3067 696 3125 moenia
709 3068 794 3126 torsit

134 3147 286 3218 Turbidus,
299 3166 369 3224 eque
382 3146 453 3204 rotis
466 3165 601 3223 magnam
613 3147 736 3223 respexit
750 3148 787 3204 ad
799 3147 907 3207 urbem.

133 3227 209 3285 Ecce
223 3230 328 3298 autem,
341 3226 463 3283 flammis
476 3225 552 3284 inter
564 3226 694 3285 tabulata
707 3226 822 3285 volutus

134 3307 181 3365 Ad
195 3305 299 3364 coelum
312 3305 439 3363 undabat
452 3308 559 3377 vertex,
572 3306 732 3381 turrimque
744 3307 878 3377 tenebat;

133 3385 258 3457 Turrim,
272 3384 425 3462 compactis
437 3384 566 3443 trabibus
580 3405 666 3462 quam
679 3386 814 3445 eduxerat
827 3386 896 3463 ipse,

134 3465 359 3541 Subdideratque
371 3468 458 3536 rotas,
471 3468 627 3542 pontesque
640 3465 797 3524 intraverat
810 3467 892 3524 altos.

134 3551 150 3576 “
161 3546 183 3602 J
184 3565 231 3604 am
240 3545 301 3622 jam
314 3545 382 3617 fata,
396 3565 483 3615 soror,
497 3548 648 3622 superant;
668 3545 773 3604 absiste
786 3545 890 3604 morari
902 3569 909 3615 3

134 3627 197 3697 Quo
212 3626 279 3683 deus
293 3627 324 3683 et
337 3645 392 3702 quo
407 3626 477 3682 dura
489 3627 573 3682 vocat
586 3624 709 3696 fortuna,
723 3644 881 3701 sequamur.

134 3706 200 3764 Stat
213 3705 338 3763 conferre
352 3725 468 3762 manum
481 3705 588 3775 AEneae‚
602 3707 670 3775 stat,
684 3704 820 3780 quidquid
833 3702 925 3761 acerbi
938 3706 990 3773 est,

134 3786 232 3844 Morte
245 3785 323 3862 pati3
343 3804 395 3842 nec
407 3803 454 3842 me
467 3783 637 3854 indecorem,
650 3803 793 3860 germana,
807 3782 915 3841 videbis

134 3864 277 3942 Amplius
317 3863 416 3934 Hunc,
430 3883 488 3935 oro,
502 3863 563 3921 sine
575 3883 622 3920 me
634 3862 726 3921 furere
740 3866 806 3920 ante
819 3863 973 3922 furorem.''

135 3944 228 4018 Dixit,
243 3947 272 4002 et
286 3964 302 4002 1
316 3963 401 4002 curru
415 3941 522 4001 saltum
535 3941 615 4002 dedit
628 3942 705 4002 ocius
719 3943 813 4017 arvis3
