2446 4260
134 191 193 249 208
432 203 614 246 nvraarnn
627 201 770 246 nuncius

134 348 181 407 Sic
194 347 270 405 fatus
284 346 375 424 cingit
388 345 524 404 viridanti
536 349 666 422 tempora
677 345 765 416 laur0,

134 429 177 486 Et
190 427 314 505 primurn
327 429 394 484 ante
408 447 505 485 omnes
518 425 655 484 victorem
668 391 793 502 appellat
807 423 941 485 Acesten.

134 507 197 566 Nec
209 508 301 566 bonus
314 506 459 584 Eurytion
471 505 587 582 praelato
600 504 704 562 invidit
717 504 835 577 honori;

135 586 270 659 Quamvis
283 586 359 644 solus
372 605 454 644 avem
466 585 538 644 coelo
551 584 652 662 deJ'ecit
665 585 701 643 ab
714 585 782 643 alto.

135 666 285 724 Proximus
297 665 458 743 ingreditur
470 664 560 736 donis,
574 664 623 741 qui
635 664 749 722 vincula
760 663 857 742 rupit3

135 746 298 817 Extremus,
311 745 419 803 volucri
432 744 482 821 qui
494 744 558 802 fixit
571 743 707 802 arundine
720 744 838 802 malum.

173 826 216 884 At
228 828 310 902 pater
323 824 436 896 AEneas,
449 823 577 882 nondum
590 823 742 882 certamine
755 824 852 897 misso,

135 903 290 962 Custodem
304 904 340 962 ad
353 923 412 962 sese
425 904 614 980 comitemque
627 902 750 980 impubis
764 902 824 961 Iuli

134 983 282 1060 Epytiden
294 986 386 1054 vocat,
401 985 430 1041 et
443 982 530 1041 fidam
543 983 583 1040 sic
596 983 673 1040 fatur
686 983 723 1040 ad
735 1003 848 1041 aurem:

134 1067 151 1094 “
161 1062 240 1121 Vade
254 1083 314 1140 age,
328 1066 358 1120 et
371 1063 502 1134 Ascanio,
516 1061 540 1121 si
548 1062 610 1139 J'am
622 1061 729 1139 puerile
742 1065 874 1139 paratum

134 1142 248 1219 Agmen
261 1142 347 1201 habet
361 1163 464 1213 secum,
478 1161 630 1218 cursusque
642 1142 779 1200 instruxit
793 1161 938 1218 equorum,

133 1221 230 1280 Ducat
243 1242 296 1280 avo
308 1225 426 1294 turmas,
441 1225 470 1280 et
484 1241 543 1280 sese
557 1222 689 1280 ostendat
702 1221 733 1278 in
746 1221 840 1294 armis,

134 1300 199 1372 Dic,
201 1301 219 1326 ”
234 1302 284 1359 ait.
325 1302 391 1379 Ipse
405 1321 518 1360 omnem
531 1301 617 1378 longo
630 1301 762 1359 decedere
775 1301 849 1360 circo

135 1346 268 1438 Infrisum
277 1381 422 1458 populum,
435 1383 466 1439 et
479 1400 592 1458 campos
601 1381 686 1458 jubet
699 1401 759 1439 esse
770 1383 911 1458 patentes.

135 1459 278 1518 Incedunt
291 1461 379 1538 pueri,
391 1461 553 1553 pariterque
566 1464 633 1518 ante
646 1480 696 1519 ora
702 1463 859 1552 parentum

135 1539 267 1598 Frenatis
280 1540 397 1599 lucent
389 1562 420 1599 m
434 1541 528 1618 equis.
549 1559 619 1618 quos
633 1539 724 1597 omnis
738 1543 838 1599 euntes
907 1586 913 1599 .

134 1619 284 1678 Trinacria
297 1620 401 1678 mirata
413 1620 509 1679 fremit
523 1620 588 1678 Tro
576 1640 668 1697 Jaeque
677 1619 824 1697 juventus.

135 1698 295 1758 Omnibus'
286 1720 318 1756 1n
331 1719 439 1758 morem
451 1703 536 1758 tonsa
548 1719 629 1758 coma
639 1719 736 1775 pressa
748 1719 866 1758 corona:

135 1777 244 1837 Cornea
256 1779 324 1838 bina
335 1779 431 1837 ferunt
444 1779 560 1857 praefixo
572 1779 687 1837 hastilia
699 1779 781 1851 ferro,

134 1857 205 1916 Pars
217 1859 292 1917 leves
305 1859 423 1917 humero
435 1859 598 1936 pharetras3
618 1858 642 1916 it
654 1861 768 1935 pectore
781 1878 893 1917 summo

135 1938 251 1996 Flexilis
265 1939 373 1997 obtorti
384 1959 435 2016 per
448 1938 552 1997 collum
565 1938 685 1997 circulus
698 1937 768 1997 auri.

135 2017 205 2076 Tres
219 2019 348 2095 equitum
360 2038 477 2077 numero
490 2021 592 2076 turmae
594 2017 743 2095 ‚ternique
755 2020 897 2096 vagantur

134 2097 392 2174 Ductores3puer1
384 2098 449 2156 bis
462 2098 523 2156 seni
536 2118 675 2175 quemque
689 2097 780 2156 secuti

134 2177 259 2254 Agmine
271 2178 378 2254 partito
392 2177 513 2256 fulgent,
526 2177 695 2254 paribusque
708 2176 861 2255 magistris.

135 2256 203 2315 Una
215 2258 287 2315 acies
297 2257 444 2349 Juvenum,
457 2257 537 2315 ducit
551 2277 636 2334 quam
648 2277 752 2334 parvus
765 2259 900 2315 ovantem

136 2336 251 2395 Nomen
264 2357 310 2394 avr
301 2337 443 2395 referens
458 2336 597 2409 Priamus,
611 2340 663 2395 tua
676 2337 757 2407 clara,
772 2335 874 2408 Polite,

136 2414 297 2493 Progenies,
312 2420 430 2474 auctura
443 2416 550 2488 Italos3
571 2437 656 2493 quem
668 2415 806 2474 Thracius
819 2382 890 2475 albis

135 2495 239 2554 Portat
254 2516 341 2572 equus
354 2496 461 2555 bicolor
474 2496 601 2568 maculis,
615 2495 736 2573 vestigia
747 2495 833 2572 primi

134 2575 210 2633 Alba
222 2576 301 2653 pedis
315 2576 493 2653 frontemque
506 2579 654 2634 ostentans
667 2575 771 2633 arduus
785 2575 887 2634 albam.

134 2655 219 2712 Alter
232 2656 317 2733 Atys,
331 2677 420 2732 genus
434 2657 509 2714 unde
522 2656 586 2714 Atii
598 2657 702 2713 duxere
716 2654 823 2728 Latini,

135 2734 244 2792 Parvus
259 2736 344 2813 Atys,
357 2755 499 2812 pueroque
512 2755 582 2812 puer
595 2735 714 2794 dilectus
728 2734 802 2792 lulo.

135 2813 299 2885 Extremus,
312 2815 458 2892 formaque
471 2818 538 2873 ante
551 2835 648 2873 omnes
662 2813 786 2892 pulcher,
800 2813 882 2871 Iulus

135 2892 250 2952 Sidonio
264 2897 308 2952 est
321 2895 450 2952 invectus
464 2914 544 2971 equo,
559 2914 642 2969 quem
656 2894 774 2953 eandida
786 2893 863 2952 Dido

135 2972 207 3031 Esse
221 2973 265 3031 sui
278 2973 393 3032 dederat
406 2977 625 3032 monmnentum
639 2977 668 3032 et
680 2973 784 3051 pignus
798 2972 917 3031 amoris:

135 3051 237 3110 Cetera
250 3052 401 3111 Trinacriis
414 3054 502 3131 pubes
516 3053 631 3111 senioris
645 3054 757 3111 Acestae

135 3131 241 3189 Fertur
254 3133 341 3209 equis

134 3210 291 3288 Excipiunt
303 3212 404 3288 plausu
416 3211 541 3288 pavidos,
554 3212 734 3290 gaudentque
747 3214 862 3269 tuentes

135 3291 322 3362 Dardanidae3
342 3294 526 3368 veterumque
540 3295 697 3369 agnoscunt
711 3311 760 3350 ora
771 3295 932 3368 parentum.

135 3371 293 3447 Postquam
307 3390 420 3428 omnem
433 3371 493 3429 laeti
505 3392 666 3429 consessum
679 3372 829 3448 oculosque
842 3391 958 3430 suorum

135 3450 305 3508 Lustravere
317 3450 349 3507 in
362 3450 457 3527 equis3
477 3451 591 3528 signum
605 3451 724 3510 clamore
737 3451 843 3528 paratis

135 3530 276 3608 Epytides
289 3530 373 3609 longe
387 3530 474 3602 dedit,
487 3531 669 3608 insonuitque
681 3531 801 3608 flagello.

136 3610 193 3668 Olli
206 3610 359 3668 discurrere
372 3629 461 3686 pares,
475 3613 560 3687 atque
573 3610 687 3688 agmina
699 3611 775 3668 terni

136 3689 269 3747 Diductis
283 3691 389 3749 solvere
402 3688 503 3761 choris,
516 3710 667 3766 rursusque
680 3690 775 3748 vocati

136 3768 307 3828 Convertere
320 3769 388 3841 vias,
401 3769 559 3847 infestaque
571 3769 631 3828 tela
642 3769 741 3828 tulere.

134 3847 208 3908 Inde
222 3848 291 3909 alios
303 3849 405 3909 ineunt
418 3869 516 3909 cursus
529 3849 651 3926 aliosque
663 3869 792 3907 recursus

128 3931 271 3993 Adversis
286 3931 400 4014 spatiis,
412 3929 589 4009 alternisque
602 3928 718 3987 urbinus
729 3928 812 3984 cloes
