2446 4260
455 237 635 282 enonorcon
647 237 710 280 nm.
724 237 776 279 111.
1049 221 1087 281 77

148 355 236 438 Fovit
247 379 375 439 humum.
416 379 496 459 Cape
504 402 571 440 saxa
582 401 678 454 manu,
692 401 759 459 cape
771 380 880 455 robora,
893 384 998 460 pastor,

141 435 359 537 Tollentemque
371 460 463 519 minas
476 465 506 520 et
519 462 601 520 sibila
613 461 684 521 colla
692 464 854 520 tumentem

137 516 259 616 Dejice3
274 541 390 618 jamque
403 541 472 618 fuga
483 541 619 599 timidum
632 544 717 618 caput
731 541 840 599 abdidit
853 541 918 614 alte,

134 607 241 688 Quum
253 620 340 679 medii
352 641 441 679 nexus
455 624 643 697 extremaeque
656 621 771 698 agmina
784 621 880 679 caudae

132 685 308 773 Solamen,
321 700 474 776 tardosque
486 701 578 759 trahit
591 701 669 759 sinus
682 700 802 758 ultimus
816 701 905 759 orbes.

133 764 204 836 lose
215 780 300 838 etiam
312 780 360 838 ille
373 781 464 838 malus
478 779 603 839 Calabris
616 781 647 838 in
659 781 779 839 saltibus
792 780 902 858 anguis,

134 851 284 934 Squamea
296 860 465 919 convolvens
478 861 589 919 sublato
601 863 714 937 pectore
727 863 817 937 terga,

137 938 242 1014 Atque
254 939 331 998 notis
344 940 460 1017 longam
473 940 630 998 maculosus
644 939 799 1018 grandibus
812 939 917 1010 alvum,

142 1018 210 1090 Qui,
223 1020 292 1077 dum
305 1039 402 1078 amnes
415 1019 467 1076 ulli
479 1022 651 1097 rumpuntur
663 1020 798 1091 fontibus,
811 1023 842 1078 et
855 1020 924 1077 dum

141 1095 218 1156 'Vere
230 1099 348 1158 madent
361 1099 418 1157 udo
430 1102 515 1157 terrae
528 1119 560 1158 ac
572 1098 741 1176 pluvialibus
754 1098 866 1172 austris,

149 1176 254 1256 Stagna
267 1178 352 1250 colit;
371 1178 495 1255 ripisque
507 1178 649 1250 habitans,
661 1178 709 1237 hic
721 1179 844 1255 piscibus
858 1181 950 1237 atram

148 1257 298 1335 Improbus
310 1258 467 1336 ingluviem
479 1259 609 1335 ranisque
621 1258 784 1334 loquacibus
797 1259 906 1336 explet:

147 1337 304 1413 Postquam
317 1341 416 1396 exusta
428 1338 517 1415 palus,
530 1342 668 1415 terremus
681 1338 779 1396 ardore
792 1338 951 1409 dehiscunt,

147 1417 251 1475 Exsilit
264 1416 295 1475 in
308 1417 423 1488 siccum,
437 1421 467 1476 et
479 1418 656 1476 flammantia
666 1418 775 1475 lumina
787 1421 922 1494 torquens

149 1497 235 1555 Saevit
249 1497 334 1574 agris,
349 1517 483 1574 asperque
496 1498 545 1555 siti
558 1501 643 1574 atque
656 1497 808 1556 exterritus
820 1501 902 1556 aestu.

147 1576 192 1634 Ne
204 1577 278 1634 mihi
290 1580 357 1634 tum
369 1577 467 1635 molles
481 1578 533 1635 sub
546 1578 611 1636 divo
625 1597 736 1655 ccipere
750 1597 871 1650 somnos,

148 1655 212 1714 Neu
225 1656 309 1715 dorso
322 1657 445 1715 nemoris
457 1657 544 1715 libeat
553 1657 674 1734 jacuisse
686 1677 736 1735 per
749 1657 858 1729 herbas,

149 1735 242 1807 Quum
255 1735 357 1814 positis
369 1756 459 1795 novus
472 1737 580 1795 emvfis
593 1737 755 1813 nitidusque
764 1737 885 1814 juventa

149 1813 288 1888 Volvitur,
303 1819 354 1874 aut
367 1816 475 1874 catulos
488 1817 573 1875 tectis
587 1822 637 1874 aut
651 1837 704 1875 ova
716 1817 884 1892 relinquens,

149 1895 261 1953 Arduus
275 1895 312 1953 ad
325 1895 421 1968 solem,
435 1898 464 1954 et
477 1896 582 1974 linguis
594 1896 681 1955 micat
694 1917 742 1955 ore
754 1896 887 1955 trisulcis.

187 1975 359 2035 Morborum
371 1995 481 2051 quoque
494 1979 524 2034 te
538 1996 635 2034 causas
648 1979 678 2034 et
691 1976 773 2054 signa
785 1976 899 2035 docebo.

151 2053 251 2132 Tvnpis
264 2075 331 2114 oves
344 2057 440 2113 tentat
454 2055 569 2128 scabies,
582 2055 632 2114 ubi
643 2055 763 2133 frigidus
776 2055 867 2115 imber

151 2133 245 2193 Altius
258 2135 296 2193 ad
307 2135 406 2192 vivum
419 2135 542 2213 persedit
555 2138 585 2193 et
597 2135 712 2193 horrida
725 2155 794 2194 cano

151 2213 257 2272 Bruma
269 2214 353 2292 gelu;
373 2214 418 2273 vel
431 2234 519 2291 quum
531 2215 622 2274 tonsis
635 2215 733 2274 illotus
746 2215 866 2274 adhaesit

152 2293 249 2366 Sudor,
263 2297 294 2353 et
306 2295 412 2353 hirsuti
425 2298 573 2353 secuerunt
587 2314 703 2372 corpora
715 2315 813 2372 vepres

151 2372 288 2432 Dulcibus
301 2374 405 2432 idcirco
418 2374 511 2432 fluviis
524 2395 609 2452 pecus
622 2394 706 2433 omne
718 2374 849 2451 magistri

151 2451 339 2526 Perfimdunt,
352 2454 470 2530 udisque
483 2454 554 2512 aries
567 2454 598 2512 in
611 2455 726 2532 gurgite
739 2454 813 2512 villis

150 2532 304 2606 Mereatur,
317 2534 474 2609 missusque
487 2534 608 2592 secundo
622 2533 721 2592 defluit
735 2533 812 2591 amni
823 2557 830 2604 3

148 2613 210 2671 Aut
222 2615 341 2672 tonsum
353 2613 432 2672 tristi
443 2614 616 2692 contingunt
628 2634 728 2690 corpus
741 2633 863 2685 amurca,

149 2692 190 2751 Et
204 2714 319 2771 spumas
332 2693 453 2752 miscent
466 2694 585 2772 argenti,
598 2693 717 2769 vivaque
730 2693 844 2766 sulfura,

150 2772 299 2850 Idaeasque
312 2773 396 2851 piceS,
410 2777 440 2832 et
453 2773 573 2851 pingues
586 2774 712 2851 unguine
726 2793 811 2844 ceras,

150 2853 328 2929 Scillamque,
342 2852 532 2929 elleborosque
545 2872 653 2931 graves,
666 2853 835 2930 nigrumque
847 2851 986 2909 bitumen.

149 2932 220 2989 Non
233 2935 331 2991 tamen
344 2933 402 2990 ulla
414 2934 506 3010 magis
519 2952 642 3010 praesens
655 2934 771 2992 fortuna
783 2931 912 2989 laborum
925 2935 977 3002 est,

150 3011 244 3082 Quam
258 3011 283 3069 si
296 3012 358 3088 quis
371 3013 445 3070 ferro
458 3013 554 3090 potuit
567 3013 724 3071 rescindere
738 3030 883 3068 summum

149 3090 262 3150 Ulceris
276 3111 315 3149 os.
355 3092 453 3150 Alitur
465 3092 569 3151 vitium
581 3092 709 3168 vivitque
721 3090 853 3169 tegendo,

150 3170 233 3229 Dum
245 3171 367 3230 medicas
381 3171 513 3230 adhibere
526 3192 626 3230 manus
640 3173 676 3229 ad
688 3170 805 3229 vulnera
817 3177 914 3246 pastor

150 3250 296 3328 Abnegat,
310 3255 360 3309 aut
372 3251 490 3310 meliora
502 3252 568 3309 deos
582 3252 660 3309 sedet
674 3251 769 3309 omina
781 3269 909 3326 poscens.

152 3330 229 3401 Quin
242 3331 338 3403 etiam,
350 3331 408 3389 ime
421 3330 501 3389 dolor
514 3331 661 3390 balantum
673 3330 767 3407 lapsus
781 3328 817 3387 ad
830 3348 894 3387 ossa

152 3410 247 3480 Quum
262 3411 341 3483 furit,
355 3414 440 3487 atque
454 3413 533 3469 artus
547 3411 707 3487 depascitur
720 3409 798 3467 arida
810 3408 905 3481 febris,

151 3489 267 3549 Profuit
280 3491 407 3549 incensos
421 3494 508 3549 aestus
521 3493 656 3562 avertere,
669 3493 699 3548 et
712 3489 787 3546 inter

151 3568 218 3627 Ima
230 3571 313 3628 ferire
325 3571 404 3648 pedis
417 3571 565 3628 salientem
579 3569 715 3647 sangiune
727 3587 846 3638 venam;

151 3649 272 3708 Bisaltae
286 3670 341 3726 quo
355 3670 432 3709 more
446 3650 547 3722 solent,
561 3669 678 3725 acerque
692 3648 826 3719 Gelonus,

152 3728 250 3800 Quum
262 3730 339 3807 fugit
351 3730 382 3788 in
395 3730 563 3807 Rhodopen,
577 3732 662 3804 atque
674 3728 705 3786 in
718 3728 829 3786 deserta
842 3725 989 3796 Getarum,

152 3808 196 3867 Et
209 3809 253 3868 lac
266 3812 429 3868 concretum
442 3830 508 3868 cum
521 3809 659 3887 sanguine
671 3810 754 3885 potat
768 3805 878 3882 equino.

193 3889 286 3961 Quam
299 3889 397 3966 procul
410 3892 460 3947 aut
474 3889 554 3948 molli
567 3887 713 3947 succedere
726 3885 828 3962 saepius
842 3883 952 3941 umbrae

152 3967 275 4041 Videris,
288 3971 340 4043 aut
352 3988 477 4028 summas
490 3972 654 4048 carpentem
665 3965 796 4045 ignavius
806 3963 916 4036 herbas,
