<?xml version="1.0" encoding="UTF-8"?>
<!DOCTYPE html PUBLIC "-//W3C//DTD XHTML 1.0 Transitional//EN"
    "http://www.w3.org/TR/xhtml1/DTD/xhtml1-transitional.dtd">
<html xmlns="http://www.w3.org/1999/xhtml" xml:lang="en" lang="en">
 <head>
  <title>
</title>
<meta http-equiv="Content-Type" content="text/html;charset=utf-8" />
  <meta name='ocr-system' content='tesseract 3.04.00' />
  <meta name='ocr-capabilities' content='ocr_page ocr_carea ocr_par ocr_line ocrx_word'/>
</head>
<body>
  <div class='ocr_page' id='page_1' title='image "./worksfromtexthe00virggoog_0233.png"; bbox 0 0 2446 4260; ppageno 0'>
   <div class='ocr_carea' id='block_1_1' title="bbox 137 215 780 276">
    <p class='ocr_par' dir='ltr' id='par_1_1' title="bbox 137 215 780 276">
     <span class='ocr_line' id='line_1_1' title="bbox 137 215 780 276; baseline -0.005 -2"><span class='ocrx_word' id='word_1_1' title='bbox 137 215 195 276; x_wconf 88' lang='grc'>198</span> <span class='ocrx_word' id='word_1_2' title='bbox 443 229 624 272; x_wconf 68' lang='lat' dir='ltr'>annornm</span> <span class='ocrx_word' id='word_1_3' title='bbox 637 227 780 272; x_wconf 80' lang='lat' dir='ltr'>morra</span> 
     </span>
    </p>
   </div>
   <div class='ocr_carea' id='block_1_2' title="bbox 137 371 904 610">
    <p class='ocr_par' dir='ltr' id='par_1_2' title="bbox 137 371 904 610">
     <span class='ocr_line' id='line_1_2' title="bbox 137 371 839 451; baseline 0 -20"><span class='ocrx_word' id='word_1_4' title='bbox 137 373 176 431; x_wconf 93' lang='lat' dir='ltr'>In</span> <span class='ocrx_word' id='word_1_5' title='bbox 188 392 266 431; x_wconf 87' lang='lat' dir='ltr'>mare</span> <span class='ocrx_word' id='word_1_6' title='bbox 278 371 452 451; x_wconf 87' lang='lat' dir='ltr'>praecipitem</span> <span class='ocrx_word' id='word_1_7' title='bbox 465 371 552 450; x_wconf 90' lang='lat' dir='ltr'>puppi</span> <span class='ocrx_word' id='word_1_8' title='bbox 566 372 700 431; x_wconf 85' lang='lat' dir='ltr'>deturbat</span> <span class='ocrx_word' id='word_1_9' title='bbox 714 371 749 430; x_wconf 93' lang='lat' dir='ltr'>ab</span> <span class='ocrx_word' id='word_1_10' title='bbox 763 372 839 431; x_wconf 82' lang='lat' dir='ltr'>alta:</span> 
     </span>
     <span class='ocr_line' id='line_1_3' title="bbox 139 451 827 530; baseline -0.001 -20"><span class='ocrx_word' id='word_1_11' title='bbox 139 452 206 530; x_wconf 85' lang='lat' dir='ltr'>lpse</span> <span class='ocrx_word' id='word_1_12' title='bbox 219 452 389 530; x_wconf 82' lang='lat' dir='ltr'>gubernaclo</span> <span class='ocrx_word' id='word_1_13' title='bbox 402 457 495 511; x_wconf 90' lang='lat' dir='ltr'>rector</span> <span class='ocrx_word' id='word_1_14' title='bbox 509 452 595 524; x_wconf 88' lang='lat' dir='ltr'>subit,</span> <span class='ocrx_word' id='word_1_15' title='bbox 607 452 668 529; x_wconf 89' lang='lat' dir='ltr'>ipse</span> <span class='ocrx_word' id='word_1_16' title='bbox 680 451 827 529; x_wconf 86' lang='lat' dir='ltr'>magister,</span> 
     </span>
     <span class='ocr_line' id='line_1_4' title="bbox 139 531 904 610; baseline 0 -20"><span class='ocrx_word' id='word_1_17' title='bbox 139 532 340 610; x_wconf 89' lang='lat' dir='ltr'>Hortaturque</span> <span class='ocrx_word' id='word_1_18' title='bbox 352 532 437 604; x_wconf 86' lang='lat' dir='ltr'>viros,</span> <span class='ocrx_word' id='word_1_19' title='bbox 451 533 617 608; x_wconf 86' lang='lat' dir='ltr'>clavumque</span> <span class='ocrx_word' id='word_1_20' title='bbox 630 532 667 589; x_wconf 85' lang='lat' dir='ltr'>ad</span> <span class='ocrx_word' id='word_1_21' title='bbox 679 531 765 590; x_wconf 89' lang='lat' dir='ltr'>litora</span> <span class='ocrx_word' id='word_1_22' title='bbox 777 534 904 609; x_wconf 86' lang='lat' dir='ltr'>torquet.</span> 
     </span>
    </p>
   </div>
   <div class='ocr_carea' id='block_1_3' title="bbox 139 611 976 774">
    <p class='ocr_par' dir='ltr' id='par_1_3' title="bbox 139 611 976 774">
     <span class='ocr_line' id='line_1_5' title="bbox 139 611 914 690; baseline 0 -20"><span class='ocrx_word' id='word_1_23' title='bbox 139 613 182 670; x_wconf 88' lang='lat' dir='ltr'>At</span> <span class='ocrx_word' id='word_1_24' title='bbox 196 612 300 690; x_wconf 84' lang='lat' dir='ltr'>gravis,</span> <span class='ocrx_word' id='word_1_25' title='bbox 312 615 348 670; x_wconf 89' lang='lat' dir='ltr'>ut</span> <span class='ocrx_word' id='word_1_26' title='bbox 361 612 450 671; x_wconf 83' lang='lat' dir='ltr'>fundo</span> <span class='ocrx_word' id='word_1_27' title='bbox 463 611 512 670; x_wconf 84' lang='lat' dir='ltr'>vix</span> <span class='ocrx_word' id='word_1_28' title='bbox 524 611 642 670; x_wconf 92' lang='lat' dir='ltr'>tandem</span> <span class='ocrx_word' id='word_1_29' title='bbox 654 611 783 670; x_wconf 87' lang='lat' dir='ltr'>redditus</span> <span class='ocrx_word' id='word_1_30' title='bbox 795 611 855 671; x_wconf 92' lang='lat' dir='ltr'>imo</span> <span class='ocrx_word' id='word_1_31' title='bbox 868 614 914 670; x_wconf 90' lang='lat' dir='ltr'>est</span> 
     </span>
     <span class='ocr_line' id='line_1_6' title="bbox 141 691 976 774; baseline 0.002 -25"><span class='ocrx_word' id='word_1_32' title='bbox 141 691 163 749; x_wconf 89' lang='lat' dir='ltr'><strong>J</strong></span> <span class='ocrx_word' id='word_1_33' title='bbox 163 712 210 749; x_wconf 86' lang='lat' dir='ltr'>am</span> <span class='ocrx_word' id='word_1_34' title='bbox 223 692 324 763; x_wconf 89' lang='lat' dir='ltr'>senior,</span> <span class='ocrx_word' id='word_1_35' title='bbox 337 692 505 768; x_wconf 89' lang='lat' dir='ltr'>madidaque</span> <span class='ocrx_word' id='word_1_36' title='bbox 518 691 608 750; x_wconf 87' lang='lat' dir='ltr'>fluens</span> <span class='ocrx_word' id='word_1_37' title='bbox 620 691 651 748; x_wconf 91' lang='lat' dir='ltr'>in</span> <span class='ocrx_word' id='word_1_38' title='bbox 663 693 752 763; x_wconf 83' lang='lat' dir='ltr'>vesto,</span> <span class='ocrx_word' id='word_1_39' title='bbox 766 691 919 766; x_wconf 74' lang='lat' dir='ltr'>Menoetes,</span> <span class='ocrx_word' id='word_1_40' title='bbox 972 768 976 774; x_wconf 28' lang='grc' dir='ltr'>Ι</span> 
     </span>
    </p>
   </div>
   <div class='ocr_carea' id='block_1_4' title="bbox 80 770 1108 2836">
    <p class='ocr_par' dir='ltr' id='par_1_4' title="bbox 140 770 871 848">
     <span class='ocr_line' id='line_1_7' title="bbox 140 770 871 848; baseline 0.004 -20"><span class='ocrx_word' id='word_1_41' title='bbox 140 771 259 829; x_wconf 89' lang='lat' dir='ltr'>Summa</span> <span class='ocrx_word' id='word_1_42' title='bbox 270 771 345 848; x_wconf 88' lang='lat' dir='ltr'>petit</span> <span class='ocrx_word' id='word_1_43' title='bbox 358 771 475 848; x_wconf 76' lang='lat' dir='ltr'>scopuli,</span> <span class='ocrx_word' id='word_1_44' title='bbox 489 771 616 848; x_wconf 87' lang='lat' dir='ltr'>siccaque</span> <span class='ocrx_word' id='word_1_45' title='bbox 629 770 660 829; x_wconf 92' lang='lat' dir='ltr'>in</span> <span class='ocrx_word' id='word_1_46' title='bbox 672 790 743 848; x_wconf 88' lang='lat' dir='ltr'>rupe</span> <span class='ocrx_word' id='word_1_47' title='bbox 755 771 871 831; x_wconf 88' lang='lat' dir='ltr'>resedit.</span> 
     </span>
    </p>

    <p class='ocr_par' dir='ltr' id='par_1_5' title="bbox 139 850 862 924">
     <span class='ocr_line' id='line_1_8' title="bbox 139 850 862 924; baseline 0.001 -15"><span class='ocrx_word' id='word_1_48' title='bbox 139 850 228 909; x_wconf 91' lang='lat' dir='ltr'>Illum</span> <span class='ocrx_word' id='word_1_49' title='bbox 241 854 271 909; x_wconf 92' lang='lat' dir='ltr'>et</span> <span class='ocrx_word' id='word_1_50' title='bbox 283 850 427 910; x_wconf 86' lang='lat' dir='ltr'>labentem</span> <span class='ocrx_word' id='word_1_51' title='bbox 439 850 542 911; x_wconf 81' lang='lat' dir='ltr'>Teucri</span> <span class='ocrx_word' id='word_1_52' title='bbox 555 853 584 909; x_wconf 89' lang='lat' dir='ltr'>et</span> <span class='ocrx_word' id='word_1_53' title='bbox 597 850 682 909; x_wconf 85' lang='lat' dir='ltr'>risere</span> <span class='ocrx_word' id='word_1_54' title='bbox 694 853 862 924; x_wconf 89' lang='lat' dir='ltr'>natantem;</span> 
     </span>
    </p>

    <p class='ocr_par' dir='ltr' id='par_1_6' title="bbox 142 929 880 1008">
     <span class='ocr_line' id='line_1_9' title="bbox 142 929 880 1008; baseline 0.004 -21"><span class='ocrx_word' id='word_1_55' title='bbox 142 930 198 1008; x_wconf 82' lang='lat' dir='ltr'>[Et</span> <span class='ocrx_word' id='word_1_56' title='bbox 211 929 298 989; x_wconf 85' lang='lat' dir='ltr'>salsos</span> <span class='ocrx_word' id='word_1_57' title='bbox 310 931 406 989; x_wconf 91' lang='lat' dir='ltr'>rident</span> <span class='ocrx_word' id='word_1_58' title='bbox 418 933 612 989; x_wconf 87' lang='lat' dir='ltr'>revomentem</span> <span class='ocrx_word' id='word_1_59' title='bbox 624 933 738 1007; x_wconf 90' lang='lat' dir='ltr'>pectore</span> <span class='ocrx_word' id='word_1_60' title='bbox 750 929 880 1008; x_wconf 81' lang='lat' dir='ltr'>fluctus]</span> 
     </span>
    </p>

    <p class='ocr_par' dir='ltr' id='par_1_7' title="bbox 138 1009 818 1087">
     <span class='ocr_line' id='line_1_10' title="bbox 138 1009 818 1087; baseline 0.001 -19"><span class='ocrx_word' id='word_1_61' title='bbox 138 1009 199 1068; x_wconf 91' lang='lat' dir='ltr'>Hic</span> <span class='ocrx_word' id='word_1_62' title='bbox 210 1010 277 1068; x_wconf 85' lang='lat' dir='ltr'>laeta</span> <span class='ocrx_word' id='word_1_63' title='bbox 290 1010 423 1069; x_wconf 88' lang='lat' dir='ltr'>extremis</span> <span class='ocrx_word' id='word_1_64' title='bbox 437 1030 499 1087; x_wconf 87' lang='lat' dir='ltr'>spes</span> <span class='ocrx_word' id='word_1_65' title='bbox 513 1013 557 1068; x_wconf 86' lang='lat' dir='ltr'>est</span> <span class='ocrx_word' id='word_1_66' title='bbox 570 1029 687 1068; x_wconf 87' lang='lat' dir='ltr'>accensa</span> <span class='ocrx_word' id='word_1_67' title='bbox 698 1009 818 1082; x_wconf 89' lang='lat' dir='ltr'>duobus,</span> 
     </span>
    </p>

    <p class='ocr_par' dir='ltr' id='par_1_8' title="bbox 139 1089 942 1327">
     <span class='ocr_line' id='line_1_11' title="bbox 140 1089 924 1168; baseline 0.004 -22"><span class='ocrx_word' id='word_1_68' title='bbox 140 1089 273 1167; x_wconf 80' lang='lat' dir='ltr'>Sergesto</span> <span class='ocrx_word' id='word_1_69' title='bbox 286 1089 497 1167; x_wconf 76' lang='lat' dir='ltr'>Mnestheique,</span> <span class='ocrx_word' id='word_1_70' title='bbox 511 1089 597 1168; x_wconf 77' lang='lat' dir='ltr'>Gyan</span> <span class='ocrx_word' id='word_1_71' title='bbox 610 1108 740 1167; x_wconf 87' lang='lat' dir='ltr'>superare</span> <span class='ocrx_word' id='word_1_72' title='bbox 752 1092 924 1149; x_wconf 73' lang='lat' dir='ltr'>morantem</span> 
     </span>
     <span class='ocr_line' id='line_1_12' title="bbox 139 1169 959 1261; baseline 0.001 -34"><span class='ocrx_word' id='word_1_73' title='bbox 139 1169 288 1247; x_wconf 85' lang='lat' dir='ltr'>Sergestus</span> <span class='ocrx_word' id='word_1_74' title='bbox 301 1169 378 1246; x_wconf 89' lang='lat' dir='ltr'>capit</span> <span class='ocrx_word' id='word_1_75' title='bbox 391 1172 457 1228; x_wconf 90' lang='lat' dir='ltr'>ante</span> <span class='ocrx_word' id='word_1_76' title='bbox 469 1170 572 1241; x_wconf 92' lang='lat' dir='ltr'>locum,</span> <span class='ocrx_word' id='word_1_77' title='bbox 586 1169 762 1261; x_wconf 84' lang='lat' dir='ltr'>scopuloque</span> <span class='ocrx_word' id='word_1_78' title='bbox 768 1169 959 1249; x_wconf 77' lang='lat' dir='ltr'>propinquat3</span> 
     </span>
     <span class='ocr_line' id='line_1_13' title="bbox 139 1248 818 1327; baseline -0.002 -19"><span class='ocrx_word' id='word_1_79' title='bbox 139 1250 202 1308; x_wconf 90' lang='lat' dir='ltr'>Nec</span> <span class='ocrx_word' id='word_1_80' title='bbox 215 1252 280 1308; x_wconf 87' lang='lat' dir='ltr'>tota</span> <span class='ocrx_word' id='word_1_81' title='bbox 292 1251 390 1308; x_wconf 90' lang='lat' dir='ltr'>tamen</span> <span class='ocrx_word' id='word_1_82' title='bbox 402 1249 449 1308; x_wconf 89' lang='lat' dir='ltr'>ille</span> <span class='ocrx_word' id='word_1_83' title='bbox 462 1249 538 1327; x_wconf 91' lang='lat' dir='ltr'>prior</span> <span class='ocrx_word' id='word_1_84' title='bbox 550 1252 694 1326; x_wconf 86' lang='lat' dir='ltr'>praeeunte</span> <span class='ocrx_word' id='word_1_85' title='bbox 707 1248 818 1322; x_wconf 72' lang='grc' dir='ltr'><strong>οπίως</strong></span> 
     </span>
    </p>

    <p class='ocr_par' dir='ltr' id='par_1_9' title="bbox 138 1295 926 1422">
     <span class='ocr_line' id='line_1_14' title="bbox 138 1295 926 1422; baseline 0.001 -35"><span class='ocrx_word' id='word_1_86' title='bbox 138 1328 226 1387; x_wconf 86' lang='lat' dir='ltr'>Parte</span> <span class='ocrx_word' id='word_1_87' title='bbox 238 1329 332 1406; x_wconf 82' lang='lat' dir='ltr'>prior3</span> <span class='ocrx_word' id='word_1_88' title='bbox 349 1331 463 1422; x_wconf 89' lang='lat' dir='ltr'>partem</span> <span class='ocrx_word' id='word_1_89' title='bbox 474 1332 568 1388; x_wconf 89' lang='lat' dir='ltr'>rostro</span> <span class='ocrx_word' id='word_1_90' title='bbox 580 1329 686 1407; x_wconf 91' lang='lat' dir='ltr'>premit</span> <span class='ocrx_word' id='word_1_91' title='bbox 698 1328 801 1387; x_wconf 85' lang='lat' dir='ltr'>aemula</span> <span class='ocrx_word' id='word_1_92' title='bbox 811 1295 926 1388; x_wconf 85' lang='lat' dir='ltr'>Pristis</span> 
     </span>
    </p>

    <p class='ocr_par' dir='ltr' id='par_1_10' title="bbox 80 1408 770 1486">
     <span class='ocr_line' id='line_1_15' title="bbox 80 1408 770 1486; baseline 0.001 -20"><span class='ocrx_word' id='word_1_93' title='bbox 80 1442 82 1448; x_wconf 94' lang='lat'>·</span> <span class='ocrx_word' id='word_1_94' title='bbox 138 1409 182 1467; x_wconf 88' lang='lat' dir='ltr'>At</span> <span class='ocrx_word' id='word_1_95' title='bbox 194 1409 288 1468; x_wconf 89' lang='lat' dir='ltr'>media</span> <span class='ocrx_word' id='word_1_96' title='bbox 300 1409 390 1468; x_wconf 90' lang='lat' dir='ltr'>socios</span> <span class='ocrx_word' id='word_1_97' title='bbox 402 1409 535 1467; x_wconf 87' lang='lat' dir='ltr'>incedens</span> <span class='ocrx_word' id='word_1_98' title='bbox 547 1428 619 1467; x_wconf 87' lang='lat' dir='ltr'>nave</span> <span class='ocrx_word' id='word_1_99' title='bbox 632 1428 682 1486; x_wconf 88' lang='lat' dir='ltr'>per</span> <span class='ocrx_word' id='word_1_100' title='bbox 694 1408 770 1485; x_wconf 91' lang='lat' dir='ltr'>ipsos</span> 
     </span>
    </p>

    <p class='ocr_par' dir='ltr' id='par_1_11' title="bbox 138 1486 975 1646">
     <span class='ocr_line' id='line_1_16' title="bbox 138 1486 975 1568; baseline 0 -22"><span class='ocrx_word' id='word_1_101' title='bbox 138 1487 284 1547; x_wconf 81' lang='lat' dir='ltr'>Hortatur</span> <span class='ocrx_word' id='word_1_102' title='bbox 297 1489 483 1548; x_wconf 85' lang='lat' dir='ltr'>Mnestheus:</span> <span class='ocrx_word' id='word_1_103' title='bbox 506 1489 626 1560; x_wconf 87' lang='lat' dir='ltr'>“,ch</span> <span class='ocrx_word' id='word_1_104' title='bbox 639 1508 716 1546; x_wconf 92' lang='lat' dir='ltr'>nunc</span> <span class='ocrx_word' id='word_1_105' title='bbox 728 1488 870 1568; x_wconf 82' lang='lat' dir='ltr'>insurgite</span> <span class='ocrx_word' id='word_1_106' title='bbox 881 1486 975 1560; x_wconf 88' lang='lat' dir='ltr'>remis,</span> 
     </span>
     <span class='ocr_line' id='line_1_17' title="bbox 138 1567 793 1646; baseline 0.005 -21"><span class='ocrx_word' id='word_1_107' title='bbox 138 1567 277 1627; x_wconf 88' lang='lat' dir='ltr'>Hectorei</span> <span class='ocrx_word' id='word_1_108' title='bbox 289 1569 366 1640; x_wconf 91' lang='lat' dir='ltr'>socii,</span> <span class='ocrx_word' id='word_1_109' title='bbox 380 1568 474 1646; x_wconf 75' lang='lat' dir='ltr'>Trojae</span> <span class='ocrx_word' id='word_1_110' title='bbox 488 1588 560 1645; x_wconf 89' lang='lat' dir='ltr'>quos</span> <span class='ocrx_word' id='word_1_111' title='bbox 572 1571 649 1627; x_wconf 89' lang='lat' dir='ltr'>sorte</span> <span class='ocrx_word' id='word_1_112' title='bbox 662 1588 793 1645; x_wconf 87' lang='lat' dir='ltr'>suprema</span> 
     </span>
    </p>

    <p class='ocr_par' dir='ltr' id='par_1_12' title="bbox 138 1647 792 1726">
     <span class='ocr_line' id='line_1_18' title="bbox 138 1647 792 1726; baseline 0 -20"><span class='ocrx_word' id='word_1_113' title='bbox 138 1647 243 1726; x_wconf 86' lang='lat' dir='ltr'>Delegi</span> <span class='ocrx_word' id='word_1_114' title='bbox 256 1648 390 1720; x_wconf 82' lang='lat' dir='ltr'>comites3</span> <span class='ocrx_word' id='word_1_115' title='bbox 410 1668 486 1706; x_wconf 90' lang='lat' dir='ltr'>nunc</span> <span class='ocrx_word' id='word_1_116' title='bbox 499 1647 561 1706; x_wconf 85' lang='lat' dir='ltr'>illas</span> <span class='ocrx_word' id='word_1_117' title='bbox 574 1647 736 1724; x_wconf 90' lang='lat' dir='ltr'>promite</span> <span class='ocrx_word' id='word_1_118' title='bbox 709 1667 792 1720; x_wconf 78' lang='lat' dir='ltr'>mres,</span> 
     </span>
    </p>

    <p class='ocr_par' dir='ltr' id='par_1_13' title="bbox 139 1725 866 1884">
     <span class='ocr_line' id='line_1_19' title="bbox 139 1725 866 1806; baseline 0.001 -21"><span class='ocrx_word' id='word_1_119' title='bbox 139 1727 226 1786; x_wconf 89' lang='lat' dir='ltr'>Nunc</span> <span class='ocrx_word' id='word_1_120' title='bbox 240 1728 357 1799; x_wconf 87' lang='lat' dir='ltr'>animos,</span> <span class='ocrx_word' id='word_1_121' title='bbox 371 1727 494 1804; x_wconf 90' lang='lat' dir='ltr'>quibus</span> <span class='ocrx_word' id='word_1_122' title='bbox 486 1747 517 1786; x_wconf 90' lang='lat' dir='ltr'>m</span> <span class='ocrx_word' id='word_1_123' title='bbox 531 1727 652 1785; x_wconf 82' lang='lat' dir='ltr'>Gaetulis</span> <span class='ocrx_word' id='word_1_124' title='bbox 666 1727 798 1806; x_wconf 82' lang='lat' dir='ltr'>Syrtibus</span> <span class='ocrx_word' id='word_1_125' title='bbox 811 1725 866 1800; x_wconf 87' lang='lat' dir='ltr'>usi,</span> 
     </span>
     <span class='ocr_line' id='line_1_20' title="bbox 139 1807 826 1884; baseline 0.001 -20"><span class='ocrx_word' id='word_1_126' title='bbox 139 1807 277 1884; x_wconf 87' lang='lat' dir='ltr'>Ionioque</span> <span class='ocrx_word' id='word_1_127' title='bbox 290 1807 362 1865; x_wconf 88' lang='lat' dir='ltr'>mari</span> <span class='ocrx_word' id='word_1_128' title='bbox 363 1807 542 1884; x_wconf 87' lang='lat' dir='ltr'>,Maleaeque</span> <span class='ocrx_word' id='word_1_129' title='bbox 555 1807 719 1884; x_wconf 78' lang='lat' dir='ltr'>sequacibus</span> <span class='ocrx_word' id='word_1_130' title='bbox 732 1807 826 1865; x_wconf 88' lang='lat' dir='ltr'>undis.</span> 
     </span>
    </p>

    <p class='ocr_par' dir='ltr' id='par_1_14' title="bbox 138 1886 1108 2124">
     <span class='ocr_line' id='line_1_21' title="bbox 138 1886 995 1965; baseline -0.001 -20"><span class='ocrx_word' id='word_1_131' title='bbox 138 1886 229 1945; x_wconf 91' lang='lat' dir='ltr'>Non</span> <span class='ocrx_word' id='word_1_132' title='bbox 217 1907 279 1965; x_wconf 78' lang='lat' dir='ltr'>Jam</span> <span class='ocrx_word' id='word_1_133' title='bbox 291 1887 384 1964; x_wconf 85' lang='lat' dir='ltr'>prima</span> <span class='ocrx_word' id='word_1_134' title='bbox 396 1889 464 1964; x_wconf 90' lang='lat' dir='ltr'>peto</span> <span class='ocrx_word' id='word_1_135' title='bbox 477 1887 657 1958; x_wconf 87' lang='lat' dir='ltr'>Mnestheus,</span> <span class='ocrx_word' id='word_1_136' title='bbox 671 1906 763 1964; x_wconf 91' lang='lat' dir='ltr'>neque</span> <span class='ocrx_word' id='word_1_137' title='bbox 775 1887 889 1945; x_wconf 88' lang='lat' dir='ltr'>vincere</span> <span class='ocrx_word' id='word_1_138' title='bbox 902 1887 995 1956; x_wconf 88' lang='lat' dir='ltr'>certo;</span> 
     </span>
     <span class='ocr_line' id='line_1_22' title="bbox 140 1933 1108 2059; baseline -0.004 -35"><span class='ocrx_word' id='word_1_139' title='bbox 140 1967 319 2043; x_wconf 78' lang='lat' dir='ltr'>Quamquam</span> <span class='ocrx_word' id='word_1_140' title='bbox 332 1967 365 2025; x_wconf 93' lang='lat' dir='ltr'>o!</span> <span class='ocrx_word' id='word_1_141' title='bbox 386 1966 437 2024; x_wconf 89' lang='lat' dir='ltr'>sed</span> <span class='ocrx_word' id='word_1_142' title='bbox 449 1972 591 2058; x_wconf 88' lang='lat' dir='ltr'>superent,</span> <span class='ocrx_word' id='word_1_143' title='bbox 607 1933 709 2059; x_wconf 83' lang='lat' dir='ltr'>quibus</span> <span class='ocrx_word' id='word_1_144' title='bbox 726 1967 781 2025; x_wconf 93' lang='lat' dir='ltr'>hoc</span> <span class='ocrx_word' id='word_1_145' title='bbox 783 1966 951 2043; x_wconf 62' lang='lat' dir='ltr'>‚cloptune</span> <span class='ocrx_word' id='word_1_146' title='bbox 963 1960 1062 2023; x_wconf 88' lang='lat' dir='ltr'>dedisti</span> <span class='ocrx_word' id='word_1_147' title='bbox 1073 2008 1108 2016; x_wconf 72' lang='grc'>-</span> 
     </span>
     <span class='ocr_line' id='line_1_23' title="bbox 139 2045 858 2124; baseline 0.001 -20"><span class='ocrx_word' id='word_1_148' title='bbox 139 2047 292 2106; x_wconf 78' lang='lat' dir='ltr'>Extremos</span> <span class='ocrx_word' id='word_1_149' title='bbox 305 2047 411 2124; x_wconf 92' lang='lat' dir='ltr'>pudeat</span> <span class='ocrx_word' id='word_1_150' title='bbox 424 2045 555 2104; x_wconf 91' lang='lat' dir='ltr'>rediisse:</span> <span class='ocrx_word' id='word_1_151' title='bbox 576 2046 631 2104; x_wconf 91' lang='lat' dir='ltr'>hoc</span> <span class='ocrx_word' id='word_1_152' title='bbox 644 2046 759 2118; x_wconf 87' lang='lat' dir='ltr'>vincite,</span> <span class='ocrx_word' id='word_1_153' title='bbox 772 2045 858 2119; x_wconf 84' lang='lat' dir='ltr'>cives,</span> 
     </span>
    </p>

    <p class='ocr_par' dir='ltr' id='par_1_15' title="bbox 137 2125 942 2522">
     <span class='ocr_line' id='line_1_24' title="bbox 138 2125 852 2203; baseline 0.003 -20"><span class='ocrx_word' id='word_1_154' title='bbox 138 2125 181 2184; x_wconf 83' lang='lat' dir='ltr'>Et</span> <span class='ocrx_word' id='word_1_155' title='bbox 194 2126 342 2203; x_wconf 90' lang='lat' dir='ltr'>prohibete</span> <span class='ocrx_word' id='word_1_156' title='bbox 354 2126 462 2185; x_wconf 81' lang='lat' dir='ltr'>nefas&#39;&#39;</span> <span class='ocrx_word' id='word_1_157' title='bbox 504 2125 562 2184; x_wconf 88' lang='lat' dir='ltr'>Olli</span> <span class='ocrx_word' id='word_1_158' title='bbox 575 2126 727 2184; x_wconf 87' lang='lat' dir='ltr'>certamine</span> <span class='ocrx_word' id='word_1_159' title='bbox 740 2144 852 2185; x_wconf 88' lang='lat' dir='ltr'>summo</span> 
     </span>
     <span class='ocr_line' id='line_1_25' title="bbox 140 2204 902 2284; baseline 0.001 -21"><span class='ocrx_word' id='word_1_160' title='bbox 140 2204 355 2264; x_wconf 90' lang='lat' dir='ltr'>Procumbunt:</span> <span class='ocrx_word' id='word_1_161' title='bbox 375 2205 464 2263; x_wconf 86' lang='lat' dir='ltr'>vastis</span> <span class='ocrx_word' id='word_1_162' title='bbox 477 2205 578 2263; x_wconf 88' lang='lat' dir='ltr'>tremit</span> <span class='ocrx_word' id='word_1_163' title='bbox 588 2205 691 2264; x_wconf 89' lang='lat' dir='ltr'>ictibus</span> <span class='ocrx_word' id='word_1_164' title='bbox 704 2225 776 2264; x_wconf 85' lang='lat' dir='ltr'>aerea</span> <span class='ocrx_word' id='word_1_165' title='bbox 787 2205 902 2284; x_wconf 88' lang='lat' dir='ltr'>puppis,</span> 
     </span>
     <span class='ocr_line' id='line_1_26' title="bbox 137 2285 942 2363; baseline 0.004 -21"><span class='ocrx_word' id='word_1_166' title='bbox 137 2285 376 2363; x_wconf 86' lang='lat' dir='ltr'>Subtrahiturque</span> <span class='ocrx_word' id='word_1_167' title='bbox 389 2285 497 2357; x_wconf 89' lang='lat' dir='ltr'>solum;</span> <span class='ocrx_word' id='word_1_168' title='bbox 517 2289 583 2344; x_wconf 92' lang='lat' dir='ltr'>tum</span> <span class='ocrx_word' id='word_1_169' title='bbox 596 2286 691 2344; x_wconf 89' lang='lat' dir='ltr'>creber</span> <span class='ocrx_word' id='word_1_170' title='bbox 704 2285 848 2344; x_wconf 83' lang='lat' dir='ltr'>anhelitus</span> <span class='ocrx_word' id='word_1_171' title='bbox 861 2289 942 2345; x_wconf 85' lang='lat' dir='ltr'>artus</span> 
     </span>
     <span class='ocr_line' id='line_1_27' title="bbox 139 2364 880 2442; baseline 0.004 -20"><span class='ocrx_word' id='word_1_172' title='bbox 139 2364 283 2441; x_wconf 85' lang='lat' dir='ltr'>Aridaque</span> <span class='ocrx_word' id='word_1_173' title='bbox 296 2385 345 2424; x_wconf 87' lang='lat' dir='ltr'>ora</span> <span class='ocrx_word' id='word_1_174' title='bbox 358 2365 469 2442; x_wconf 84' lang='lat' dir='ltr'>quatit;</span> <span class='ocrx_word' id='word_1_175' title='bbox 490 2365 576 2423; x_wconf 90' lang='lat' dir='ltr'>sudor</span> <span class='ocrx_word' id='word_1_176' title='bbox 587 2365 652 2423; x_wconf 90' lang='lat' dir='ltr'>fluit</span> <span class='ocrx_word' id='word_1_177' title='bbox 665 2365 789 2442; x_wconf 91' lang='lat' dir='ltr'>undique</span> <span class='ocrx_word' id='word_1_178' title='bbox 802 2365 880 2425; x_wconf 83' lang='lat' dir='ltr'>rivis.</span> 
     </span>
     <span class='ocr_line' id='line_1_28' title="bbox 138 2443 803 2522; baseline 0.002 -20"><span class='ocrx_word' id='word_1_179' title='bbox 138 2444 252 2502; x_wconf 83' lang='lat' dir='ltr'>Attulit</span> <span class='ocrx_word' id='word_1_180' title='bbox 264 2444 325 2522; x_wconf 91' lang='lat' dir='ltr'>ipse</span> <span class='ocrx_word' id='word_1_181' title='bbox 337 2445 405 2502; x_wconf 88' lang='lat' dir='ltr'>viris</span> <span class='ocrx_word' id='word_1_182' title='bbox 419 2447 552 2522; x_wconf 86' lang='lat' dir='ltr'>optatum</span> <span class='ocrx_word' id='word_1_183' title='bbox 565 2465 644 2502; x_wconf 87' lang='lat' dir='ltr'>casus</span> <span class='ocrx_word' id='word_1_184' title='bbox 657 2443 803 2503; x_wconf 82' lang='lat' dir='ltr'>honorem.</span> 
     </span>
    </p>

    <p class='ocr_par' dir='ltr' id='par_1_16' title="bbox 139 2524 979 2681">
     <span class='ocr_line' id='line_1_29' title="bbox 139 2524 979 2602; baseline -0.001 -20"><span class='ocrx_word' id='word_1_185' title='bbox 139 2524 272 2600; x_wconf 84' lang='lat' dir='ltr'>Namque</span> <span class='ocrx_word' id='word_1_186' title='bbox 285 2525 380 2583; x_wconf 83' lang='lat' dir='ltr'>linens</span> <span class='ocrx_word' id='word_1_187' title='bbox 394 2524 490 2594; x_wconf 88' lang='lat' dir='ltr'>animi,</span> <span class='ocrx_word' id='word_1_188' title='bbox 504 2524 573 2582; x_wconf 90' lang='lat' dir='ltr'>dum</span> <span class='ocrx_word' id='word_1_189' title='bbox 586 2545 698 2601; x_wconf 86' lang='lat' dir='ltr'>proram</span> <span class='ocrx_word' id='word_1_190' title='bbox 712 2525 748 2582; x_wconf 87' lang='lat' dir='ltr'>ad</span> <span class='ocrx_word' id='word_1_191' title='bbox 761 2545 829 2584; x_wconf 84' lang='lat' dir='ltr'>saxa</span> <span class='ocrx_word' id='word_1_192' title='bbox 840 2524 979 2602; x_wconf 88' lang='lat' dir='ltr'>suburget</span> 
     </span>
     <span class='ocr_line' id='line_1_30' title="bbox 140 2603 816 2681; baseline 0.006 -20"><span class='ocrx_word' id='word_1_193' title='bbox 140 2603 273 2676; x_wconf 79' lang='lat' dir='ltr'>interior,</span> <span class='ocrx_word' id='word_1_194' title='bbox 287 2605 435 2681; x_wconf 88' lang='lat' dir='ltr'>spatioque</span> <span class='ocrx_word' id='word_1_195' title='bbox 448 2603 525 2662; x_wconf 91' lang='lat' dir='ltr'>subit</span> <span class='ocrx_word' id='word_1_196' title='bbox 540 2604 688 2681; x_wconf 88' lang='lat' dir='ltr'>Sergestus</span> <span class='ocrx_word' id='word_1_197' title='bbox 701 2604 816 2681; x_wconf 88' lang='lat' dir='ltr'>iniquo:</span> 
     </span>
    </p>

    <p class='ocr_par' dir='ltr' id='par_1_17' title="bbox 140 2683 723 2761">
     <span class='ocr_line' id='line_1_31' title="bbox 140 2683 723 2761; baseline 0.003 -21"><span class='ocrx_word' id='word_1_198' title='bbox 140 2683 246 2741; x_wconf 86' lang='lat' dir='ltr'>Infelix</span> <span class='ocrx_word' id='word_1_199' title='bbox 259 2685 332 2742; x_wconf 86' lang='lat' dir='ltr'>saxis</span> <span class='ocrx_word' id='word_1_200' title='bbox 345 2684 376 2741; x_wconf 92' lang='lat' dir='ltr'>in</span> <span class='ocrx_word' id='word_1_201' title='bbox 388 2683 618 2761; x_wconf 89' lang='lat' dir='ltr'>procurrentibus</span> <span class='ocrx_word' id='word_1_202' title='bbox 631 2683 723 2742; x_wconf 86' lang='lat' dir='ltr'>haesit.</span> 
     </span>
    </p>

    <p class='ocr_par' dir='ltr' id='par_1_18' title="bbox 140 2763 796 2836">
     <span class='ocr_line' id='line_1_32' title="bbox 140 2763 796 2836; baseline 0 -14"><span class='ocrx_word' id='word_1_203' title='bbox 140 2763 290 2822; x_wconf 76' lang='lat' dir='ltr'>Concussae</span> <span class='ocrx_word' id='word_1_204' title='bbox 303 2767 408 2836; x_wconf 87' lang='lat' dir='ltr'>cautes,</span> <span class='ocrx_word' id='word_1_205' title='bbox 422 2767 451 2822; x_wconf 93' lang='lat' dir='ltr'>et</span> <span class='ocrx_word' id='word_1_206' title='bbox 465 2765 549 2822; x_wconf 86' lang='lat' dir='ltr'>acuto</span> <span class='ocrx_word' id='word_1_207' title='bbox 562 2763 593 2821; x_wconf 92' lang='lat' dir='ltr'>in</span> <span class='ocrx_word' id='word_1_208' title='bbox 606 2764 712 2822; x_wconf 90' lang='lat' dir='ltr'>murice</span> <span class='ocrx_word' id='word_1_209' title='bbox 724 2763 796 2822; x_wconf 89' lang='lat' dir='ltr'>remi</span> 
     </span>
    </p>
   </div>
   <div class='ocr_carea' id='block_1_5' title="bbox 45 2842 790 2921">
    <p class='ocr_par' dir='ltr' id='par_1_19' title="bbox 45 2842 790 2921">
     <span class='ocr_line' id='line_1_33' title="bbox 45 2842 790 2921; baseline -0.001 -20"><span class='ocrx_word' id='word_1_210' title='bbox 45 2907 48 2913; x_wconf 55' lang='grc'><em>,</em></span> <span class='ocrx_word' id='word_1_211' title='bbox 141 2842 246 2901; x_wconf 86' lang='lat' dir='ltr'>Obnixi</span> <span class='ocrx_word' id='word_1_212' title='bbox 259 2863 398 2921; x_wconf 88' lang='lat' dir='ltr'>crepuere,</span> <span class='ocrx_word' id='word_1_213' title='bbox 411 2843 538 2920; x_wconf 87' lang='lat' dir='ltr'>illisaque</span> <span class='ocrx_word' id='word_1_214' title='bbox 551 2863 635 2920; x_wconf 89' lang='lat' dir='ltr'>prora</span> <span class='ocrx_word' id='word_1_215' title='bbox 647 2843 790 2920; x_wconf 89' lang='lat' dir='ltr'>pependit.</span> 
     </span>
    </p>
   </div>
   <div class='ocr_carea' id='block_1_6' title="bbox 128 2921 949 4046">
    <p class='ocr_par' dir='ltr' id='par_1_20' title="bbox 139 2921 917 3319">
     <span class='ocr_line' id='line_1_34' title="bbox 140 2921 917 3000; baseline 0.001 -20"><span class='ocrx_word' id='word_1_216' title='bbox 140 2921 326 2999; x_wconf 76' lang='lat' dir='ltr'>Consurgunt</span> <span class='ocrx_word' id='word_1_217' title='bbox 339 2927 442 2994; x_wconf 85' lang='lat' dir='ltr'>nautes,</span> <span class='ocrx_word' id='word_1_218' title='bbox 456 2924 486 2981; x_wconf 91' lang='lat' dir='ltr'>et</span> <span class='ocrx_word' id='word_1_219' title='bbox 500 2943 605 3000; x_wconf 81' lang='lat' dir='ltr'>magno</span> <span class='ocrx_word' id='word_1_220' title='bbox 619 2923 740 2981; x_wconf 85' lang='lat' dir='ltr'>clamore</span> <span class='ocrx_word' id='word_1_221' title='bbox 752 2924 917 2982; x_wconf 86' lang='lat' dir='ltr'>morantur.</span> 
     </span>
     <span class='ocr_line' id='line_1_35' title="bbox 140 3002 821 3095; baseline 0 -35"><span class='ocrx_word' id='word_1_222' title='bbox 140 3002 329 3079; x_wconf 84' lang='lat' dir='ltr'>Ferratasque</span> <span class='ocrx_word' id='word_1_223' title='bbox 341 3004 440 3061; x_wconf 90' lang='lat' dir='ltr'>trudes</span> <span class='ocrx_word' id='word_1_224' title='bbox 454 3005 484 3060; x_wconf 91' lang='lat' dir='ltr'>et</span> <span class='ocrx_word' id='word_1_225' title='bbox 497 3006 582 3060; x_wconf 84' lang='lat' dir='ltr'>acuta</span> <span class='ocrx_word' id='word_1_226' title='bbox 594 3002 708 3095; x_wconf 82' lang='lat' dir='ltr'>cuspide</span> <span class='ocrx_word' id='word_1_227' title='bbox 722 3005 821 3061; x_wconf 89' lang='lat' dir='ltr'>contos</span> 
     </span>
     <span class='ocr_line' id='line_1_36' title="bbox 140 3081 891 3160; baseline 0.001 -21"><span class='ocrx_word' id='word_1_228' title='bbox 140 3081 315 3158; x_wconf 84' lang='lat' dir='ltr'>Expediunt,</span> <span class='ocrx_word' id='word_1_229' title='bbox 328 3081 489 3158; x_wconf 86' lang='lat' dir='ltr'>fractosque</span> <span class='ocrx_word' id='word_1_230' title='bbox 501 3082 623 3159; x_wconf 87' lang='lat' dir='ltr'>legunt&#39;</span> <span class='ocrx_word' id='word_1_231' title='bbox 615 3103 647 3139; x_wconf 91' lang='grc' dir='ltr'>ιιι</span> <span class='ocrx_word' id='word_1_232' title='bbox 660 3082 775 3160; x_wconf 86' lang='lat' dir='ltr'>gurgite</span> <span class='ocrx_word' id='word_1_233' title='bbox 788 3102 891 3141; x_wconf 86' lang='lat' dir='ltr'>remos.</span> 
     </span>
     <span class='ocr_line' id='line_1_37' title="bbox 139 3160 856 3239; baseline 0.004 -20"><span class='ocrx_word' id='word_1_234' title='bbox 139 3162 183 3219; x_wconf 89' lang='lat' dir='ltr'>At</span> <span class='ocrx_word' id='word_1_235' title='bbox 196 3161 279 3219; x_wconf 85' lang='lat' dir='ltr'>laetus</span> <span class='ocrx_word' id='word_1_236' title='bbox 292 3160 471 3233; x_wconf 89' lang='lat' dir='ltr'>Mnestheus,</span> <span class='ocrx_word' id='word_1_237' title='bbox 486 3182 669 3238; x_wconf 90' lang='lat' dir='ltr'>successuque</span> <span class='ocrx_word' id='word_1_238' title='bbox 683 3162 773 3220; x_wconf 88' lang='lat' dir='ltr'>acrior</span> <span class='ocrx_word' id='word_1_239' title='bbox 785 3161 856 3239; x_wconf 89' lang='lat' dir='ltr'>ipsc,</span> 
     </span>
     <span class='ocr_line' id='line_1_38' title="bbox 139 3207 816 3319; baseline 0.001 -21"><span class='ocrx_word' id='word_1_240' title='bbox 139 3240 264 3319; x_wconf 87' lang='lat' dir='ltr'>Agmine</span> <span class='ocrx_word' id='word_1_241' title='bbox 277 3260 421 3299; x_wconf 89' lang='lat' dir='ltr'>remorum</span> <span class='ocrx_word' id='word_1_242' title='bbox 433 3207 524 3313; x_wconf 87' lang='lat' dir='ltr'>celeri,</span> <span class='ocrx_word' id='word_1_243' title='bbox 538 3241 686 3319; x_wconf 85' lang='lat' dir='ltr'>ventisque</span> <span class='ocrx_word' id='word_1_244' title='bbox 699 3241 816 3313; x_wconf 84' lang='lat' dir='ltr'>vocatis,</span> 
     </span>
    </p>

    <p class='ocr_par' dir='ltr' id='par_1_21' title="bbox 140 3287 849 3478">
     <span class='ocr_line' id='line_1_39' title="bbox 140 3287 849 3399; baseline 0.003 -21"><span class='ocrx_word' id='word_1_245' title='bbox 140 3321 236 3379; x_wconf 89' lang='lat' dir='ltr'>Prona</span> <span class='ocrx_word' id='word_1_246' title='bbox 247 3320 322 3398; x_wconf 87' lang='lat' dir='ltr'>petit</span> <span class='ocrx_word' id='word_1_247' title='bbox 336 3321 432 3393; x_wconf 84' lang='lat' dir='ltr'>maria,</span> <span class='ocrx_word' id='word_1_248' title='bbox 446 3325 476 3379; x_wconf 88' lang='lat' dir='ltr'>et</span> <span class='ocrx_word' id='word_1_249' title='bbox 489 3287 589 3399; x_wconf 83' lang='lat' dir='ltr'>pelago</span> <span class='ocrx_word' id='word_1_250' title='bbox 603 3321 728 3380; x_wconf 88' lang='lat' dir='ltr'>decurrit</span> <span class='ocrx_word' id='word_1_251' title='bbox 741 3287 849 3398; x_wconf 78' lang='lat' dir='ltr'>aperto</span> 
     </span>
     <span class='ocr_line' id='line_1_40' title="bbox 140 3401 801 3478; baseline 0.002 -19"><span class='ocrx_word' id='word_1_252' title='bbox 140 3401 237 3473; x_wconf 78' lang='lat' dir='ltr'>Qualis</span> <span class='ocrx_word' id='word_1_253' title='bbox 251 3401 384 3478; x_wconf 88' lang='lat' dir='ltr'>spelunca</span> <span class='ocrx_word' id='word_1_254' title='bbox 396 3401 491 3459; x_wconf 89' lang='lat' dir='ltr'>subito</span> <span class='ocrx_word' id='word_1_255' title='bbox 505 3405 649 3459; x_wconf 90' lang='lat' dir='ltr'>commota</span> <span class='ocrx_word' id='word_1_256' title='bbox 661 3401 801 3474; x_wconf 87' lang='lat' dir='ltr'>columba,</span> 
     </span>
    </p>

    <p class='ocr_par' dir='ltr' id='par_1_22' title="bbox 134 3479 949 3962">
     <span class='ocr_line' id='line_1_41' title="bbox 140 3479 865 3558; baseline 0 -20"><span class='ocrx_word' id='word_1_257' title='bbox 140 3479 195 3539; x_wconf 80' lang='lat' dir='ltr'>Oui</span> <span class='ocrx_word' id='word_1_258' title='bbox 208 3481 308 3539; x_wconf 88' lang='lat' dir='ltr'>domus</span> <span class='ocrx_word' id='word_1_259' title='bbox 322 3484 352 3539; x_wconf 90' lang='lat' dir='ltr'>et</span> <span class='ocrx_word' id='word_1_260' title='bbox 366 3480 460 3538; x_wconf 91' lang='lat' dir='ltr'>dulces</span> <span class='ocrx_word' id='word_1_261' title='bbox 473 3481 614 3540; x_wconf 88' lang='lat' dir='ltr'>latebroso</span> <span class='ocrx_word' id='word_1_262' title='bbox 627 3482 658 3538; x_wconf 91' lang='lat' dir='ltr'>in</span> <span class='ocrx_word' id='word_1_263' title='bbox 671 3481 783 3558; x_wconf 91' lang='lat' dir='ltr'>pumice</span> <span class='ocrx_word' id='word_1_264' title='bbox 796 3481 865 3552; x_wconf 91' lang='lat' dir='ltr'>nidi,</span> 
     </span>
     <span class='ocr_line' id='line_1_42' title="bbox 139 3560 949 3639; baseline 0.002 -21"><span class='ocrx_word' id='word_1_265' title='bbox 139 3560 246 3620; x_wconf 83' lang='lat' dir='ltr'>Fertur</span> <span class='ocrx_word' id='word_1_266' title='bbox 258 3560 289 3618; x_wconf 94' lang='lat' dir='ltr'>in</span> <span class='ocrx_word' id='word_1_267' title='bbox 302 3580 369 3618; x_wconf 84' lang='lat' dir='ltr'>arva</span> <span class='ocrx_word' id='word_1_268' title='bbox 381 3560 488 3632; x_wconf 86' lang='lat' dir='ltr'>volans,</span> <span class='ocrx_word' id='word_1_269' title='bbox 500 3560 686 3638; x_wconf 86' lang='lat' dir='ltr'>plausumque</span> <span class='ocrx_word' id='word_1_270' title='bbox 700 3561 837 3620; x_wconf 83' lang='lat' dir='ltr'>exterrita</span> <span class='ocrx_word' id='word_1_271' title='bbox 848 3561 949 3639; x_wconf 89' lang='lat' dir='ltr'>pennis</span> 
     </span>
     <span class='ocr_line' id='line_1_43' title="bbox 139 3640 837 3718; baseline 0.003 -20"><span class='ocrx_word' id='word_1_272' title='bbox 139 3640 200 3698; x_wconf 89' lang='lat' dir='ltr'>Dat</span> <span class='ocrx_word' id='word_1_273' title='bbox 213 3642 292 3699; x_wconf 90' lang='lat' dir='ltr'>tecto</span> <span class='ocrx_word' id='word_1_274' title='bbox 305 3640 470 3718; x_wconf 89' lang='lat' dir='ltr'>ingentem;</span> <span class='ocrx_word' id='word_1_275' title='bbox 490 3661 557 3699; x_wconf 84' lang='lat' dir='ltr'>mox</span> <span class='ocrx_word' id='word_1_276' title='bbox 571 3645 635 3700; x_wconf 79' lang='lat' dir='ltr'>aiire</span> <span class='ocrx_word' id='word_1_277' title='bbox 649 3642 727 3717; x_wconf 90' lang='lat' dir='ltr'>lapsa</span> <span class='ocrx_word' id='word_1_278' title='bbox 740 3641 837 3718; x_wconf 91' lang='lat' dir='ltr'>quieto</span> 
     </span>
     <span class='ocr_line' id='line_1_44' title="bbox 140 3719 943 3812; baseline 0.003 -34"><span class='ocrx_word' id='word_1_279' title='bbox 140 3719 230 3778; x_wconf 85' lang='lat' dir='ltr'>Radit</span> <span class='ocrx_word' id='word_1_280' title='bbox 243 3720 298 3778; x_wconf 91' lang='lat' dir='ltr'>iter</span> <span class='ocrx_word' id='word_1_281' title='bbox 310 3720 459 3812; x_wconf 82' lang='lat' dir='ltr'>liquidum,</span> <span class='ocrx_word' id='word_1_282' title='bbox 473 3721 575 3779; x_wconf 87' lang='lat' dir='ltr'>celeres</span> <span class='ocrx_word' id='word_1_283' title='bbox 588 3741 679 3798; x_wconf 88' lang='lat' dir='ltr'>neque</span> <span class='ocrx_word' id='word_1_284' title='bbox 693 3723 855 3779; x_wconf 87' lang='lat' dir='ltr'>commovet</span> <span class='ocrx_word' id='word_1_285' title='bbox 869 3721 943 3781; x_wconf 83' lang='lat' dir='ltr'>alus.</span> 
     </span>
     <span class='ocr_line' id='line_1_45' title="bbox 138 3798 910 3878; baseline 0.004 -21"><span class='ocrx_word' id='word_1_286' title='bbox 138 3798 185 3857; x_wconf 91' lang='lat' dir='ltr'>Sic</span> <span class='ocrx_word' id='word_1_287' title='bbox 199 3799 413 3871; x_wconf 87' lang='lat' dir='ltr'>Mnestheus,</span> <span class='ocrx_word' id='word_1_288' title='bbox 391 3821 431 3858; x_wconf 87' lang='lat' dir='ltr'>src</span> <span class='ocrx_word' id='word_1_289' title='bbox 444 3799 506 3877; x_wconf 87' lang='lat' dir='ltr'>ipsa</span> <span class='ocrx_word' id='word_1_290' title='bbox 518 3801 587 3878; x_wconf 87' lang='lat' dir='ltr'>fuga</span> <span class='ocrx_word' id='word_1_291' title='bbox 600 3805 676 3860; x_wconf 88' lang='lat' dir='ltr'>secat</span> <span class='ocrx_word' id='word_1_292' title='bbox 689 3801 793 3859; x_wconf 89' lang='lat' dir='ltr'>ultima</span> <span class='ocrx_word' id='word_1_293' title='bbox 805 3801 910 3860; x_wconf 83' lang='lat' dir='ltr'>Pristis</span> 
     </span>
     <span class='ocr_line' id='line_1_46' title="bbox 134 3847 870 3976; baseline -0.001 -37"><span class='ocrx_word' id='word_1_294' title='bbox 134 3879 310 3976; x_wconf 81' lang='lat' dir='ltr'>AEquore‚</span> <span class='ocrx_word' id='word_1_295' title='bbox 288 3901 329 3941; x_wconf 83' lang='lat' dir='ltr'>sic</span> <span class='ocrx_word' id='word_1_296' title='bbox 341 3847 425 3941; x_wconf 82' lang='lat' dir='ltr'>illam</span> <span class='ocrx_word' id='word_1_297' title='bbox 435 3881 494 3940; x_wconf 83' lang='lat' dir='ltr'>lert</span> <span class='ocrx_word' id='word_1_298' title='bbox 504 3880 647 3958; x_wconf 84' lang='lat' dir='ltr'>impetus</span> <span class='ocrx_word' id='word_1_299' title='bbox 641 3901 704 3955; x_wconf 81' lang='lat' dir='ltr'>ipsc</span> <span class='ocrx_word' id='word_1_300' title='bbox 712 3881 870 3938; x_wconf 70' lang='lat' dir='ltr'>solantem</span> 
     </span>
    </p>

    <p class='ocr_par' dir='ltr' id='par_1_23' title="bbox 128 3957 873 4046">
     <span class='ocr_line' id='line_1_47' title="bbox 128 3957 873 4046; baseline -0.019 -21"><span class='ocrx_word' id='word_1_301' title='bbox 128 3962 175 4026; x_wconf 83' lang='lat' dir='ltr'>Et</span> <span class='ocrx_word' id='word_1_302' title='bbox 186 3963 324 4046; x_wconf 88' lang='lat' dir='ltr'>primum</span> <span class='ocrx_word' id='word_1_303' title='bbox 335 3964 371 4025; x_wconf 93' lang='lat' dir='ltr'>in</span> <span class='ocrx_word' id='word_1_304' title='bbox 384 3962 503 4044; x_wconf 89' lang='lat' dir='ltr'>scopulo</span> <span class='ocrx_word' id='word_1_305' title='bbox 512 3961 683 4020; x_wconf 78' lang='lat' dir='ltr'>luctantem</span> <span class='ocrx_word' id='word_1_306' title='bbox 693 3957 801 4014; x_wconf 74' lang='lat' dir='ltr'>deserit</span> <span class='ocrx_word' id='word_1_307' title='bbox 811 3958 873 4012; x_wconf 71' lang='lat' dir='ltr'>ahto</span> 
     </span>
    </p>
   </div>
   <div class='ocr_carea' id='block_1_7' title="bbox 0 0 1232 4260">
    <p class='ocr_par' dir='ltr' id='par_1_24' title="bbox 0 0 1232 4260">
     <span class='ocr_line' id='line_1_48' title="bbox 0 0 1232 4260; baseline 0 0"><span class='ocrx_word' id='word_1_308' title='bbox 0 0 1232 4260; x_wconf 95' lang='lat' dir='ltr'> </span> 
     </span>
    </p>
   </div>
  </div>
 </body>
</html>
