2446 4260
93 275 96 281 ,
136 215 196 272 326
442 227 468 268 r.
482 224 624 268 vmcmn
637 223 779 267 macrus

138 371 195 428 Per
208 369 315 428 medios
329 368 449 446 insignis
462 369 550 446 equis,
563 367 748 444 tumidusque
761 366 885 426 secundo

138 450 236 508 Marte
248 452 314 507 ruat
327 447 340 508 ?
380 449 450 507 Non
463 449 558 508 clausa
570 451 675 525 tegvmt
684 447 747 525 jam
759 447 867 505 moenia
879 446 1012 506 Teucros.

139 528 216 601 Quin
228 529 306 587 intra
318 531 416 606 portas
429 531 514 605 atque
527 528 596 605 ipsis
609 526 709 604 proelia
721 526 843 586 miscent

139 609 301 686 Aggeribus
314 628 483 680 maerorum3
503 612 533 666 et
546 608 687 665 inundant
701 606 838 684 sanguine
850 607 941 665 fossae.

139 688 244 746 AEneas
257 688 373 764 ignarus
387 688 475 746 abest.
515 688 709 764 Nunquamne
724 686 812 744 levari

140 767 294 825 Obsidione
307 765 405 825 sines?
426 766 520 824 Muris
533 767 639 825 iterum
652 765 784 824 imminet
796 766 890 825 hostis

140 847 292 905 Nascentis
307 845 407 923 Trojae,
421 866 545 904 necnon
559 844 698 905 exercitus
712 846 800 917 alter;

139 926 237 1002 Atque
250 926 355 984 iterum
368 925 398 982 iu
412 925 536 984 Teucros
549 926 655 984 AEtolis
668 925 761 1003 surgit
774 926 810 983 ab
823 924 911 1002 Arpis

140 1005 274 1081 Tydides.
314 1004 457 1080 Equidem
471 1005 562 1077 credo,
577 1025 640 1063 mea
652 1005 769 1063 vulnera
780 1008 902 1077 restant,

140 1084 183 1142 Et
195 1086 248 1142 tua
259 1084 407 1162 progenies
419 1085 552 1142 mortalia
565 1085 694 1143 demoror
707 1085 800 1143 arma!

141 1164 171 1221 Si
184 1164 244 1221 sine
257 1183 325 1241 pace
338 1166 391 1222 tua
403 1167 490 1241 atque
501 1164 594 1223 invito
606 1165 723 1222 numine
737 1164 826 1222 Troes

140 1242 258 1300 Italiam
270 1243 507 1320 petiere—luant
519 1247 636 1321 peccata
647 1268 653 1317 ;
673 1264 765 1321 neque
776 1243 840 1302 illos

140 1322 162 1379 J
162 1323 255 1380 uveris
268 1323 388 1382 auxilio:
409 1323 454 1382 sin
466 1327 513 1382 tot
526 1343 660 1401 responsa
672 1324 771 1395 secuti,

141 1403 212 1474 Quae
227 1403 321 1480 superi
333 1423 485 1479 manesque
499 1403 704 1474 dabant—cur
716 1423 793 1462 nunc
805 1405 858 1461 tua
871 1401 1020 1480 quisquam

140 1481 258 1540 Vertere
266 1482 347 1560 jussa
358 1482 479 1561 potest?
500 1485 551 1541 aut
565 1503 615 1541 cur
627 1503 702 1541 nova
714 1483 834 1542 condere
846 1481 930 1542 fata?

141 1560 218 1633 Quid
229 1564 357 1640 repetam
370 1566 483 1621 exustas
497 1563 623 1640 Erycino
637 1563 668 1620 in
680 1562 764 1621 litore
777 1561 904 1622 classes?

141 1640 217 1713 Quid
229 1644 437 1720 tempestatum
448 1663 554 1720 regem,
567 1646 724 1720 ventosque
736 1642 863 1701 furentes

140 1720 236 1779 AEolia
248 1721 381 1780 excitos?
402 1724 453 1780 aut
466 1725 560 1780 actam
573 1722 697 1780 nubibus
711 1721 809 1782 Irim?

139 1799 227 1858 Nunc
240 1801 328 1863 etiam
340 1802 540 1860 manes-haec
552 1801 697 1860 intentata
709 1802 843 1861 manebat

140 1879 207 1938 Sors
221 1885 461 1952 rerum-movet,
474 1884 505 1940 et
519 1881 625 1959 superis
639 1882 767 1940 immissa
779 1885 896 1960 repente

139 1959 262 2033 Allecto,
275 1961 382 2019 medias
396 1961 506 2020 Italum
518 1961 657 2020 bacchata
669 1981 719 2039 per
731 1962 823 2020 urbes.

140 2039 193 2096 Nil
206 2060 290 2117 super
302 2040 421 2118 imperio
434 2061 567 2100 moveor:
588 2040 762 2118 speravimus
774 2041 839 2113 ista,

139 2119 219 2176 Dum
233 2121 349 2178 fortuna
361 2121 435 2179 fuit:
455 2121 582 2192 vincant,
596 2141 666 2197 quos
679 2121 791 2180 vincere
804 2121 903 2179 mavis.

140 2198 171 2255 Si
184 2199 262 2257 nulla
275 2203 319 2257 est
331 2200 418 2276 regio,
432 2200 548 2258 Teucris
562 2221 647 2276 quam
660 2200 710 2259 det
722 2205 774 2260 tua
787 2201 890 2279 conjux

139 2277 238 2336 Dura:
259 2299 309 2356 per
322 2299 435 2351 eversae,
449 2280 571 2356 genitor,
584 2280 725 2338 fumantia
738 2281 831 2359 Trojae

139 2358 261 2415 Excidia
273 2359 417 2417 obtestor:
438 2358 523 2417 liceat
537 2360 682 2418 dimittere
696 2361 731 2418 ab
745 2361 830 2418 armis

139 2436 319 2495 Incolumem
332 2438 496 2511 Ascanium,
510 2439 595 2498 liceat
609 2459 752 2516 superesse
765 2443 907 2516 nepotem.

139 2517 243 2576 AEneas
258 2538 324 2575 sane
337 2519 444 2595 ignotis
454 2519 581 2595 jactetur
593 2520 624 2576 in
637 2519 729 2590 undis,

139 2597 190 2668 Et,
205 2618 411 2674 quamcumque
424 2599 500 2656 viam
514 2599 623 2657 dederit
635 2600 760 2669 fortuna,
774 2601 927 2673 sequatur:

140 2677 228 2735 Hune
241 2682 347 2755 tegere,
361 2683 391 2736 et
405 2679 472 2736 dirae
485 2678 595 2736 valeam
608 2679 762 2737 subducere
775 2697 890 2755 pugnae.

69 2800 73 2808 ,
139 2756 196 2814 Est
209 2758 362 2829 Amathus,
376 2761 420 2816 est
434 2758 509 2817 celsa
521 2759 593 2816 mihi
606 2759 732 2835 Paphus,
746 2761 832 2832 atque
846 2757 984 2835 Cythera,

140 2836 292 2912 Idaliaeque
306 2838 425 2896 domus:
445 2838 546 2915 positis
559 2838 697 2914 inglorius
711 2837 797 2895 armis

139 2916 247 2992 Exiget
261 2917 307 2975 hic
322 2936 424 2975 aevum.
466 2918 575 2994 Magna
588 2918 696 2976 ditione
704 2917 807 2995 jubeto

140 2995 284 3072 Carthago
318 3002 409 3055 remat
424 2997 598 3055 Ausoniam:
619 2997 691 3055 nihil
705 2997 823 3055 urbibus
836 2994 904 3053 inde

140 3073 275 3133 Obstabit
289 3017 391 3153 Tyriis.
433 3077 508 3148 Quid
522 3079 632 3152 pestem
645 3077 762 3135 evadere
774 3074 841 3134 belli

139 3154 161 3212 J
161 3156 233 3226 uvit,
247 3159 277 3213 et
290 3156 438 3232 Argolicos
452 3156 578 3214 medium
591 3157 696 3233 fugisse
709 3176 760 3233 per
772 3156 862 3232 ignes,

139 3235 251 3311 Totque
265 3238 349 3293 maris
363 3240 506 3312 vastaeque
520 3236 657 3294 exhausta
669 3236 794 3312 pericula
806 3238 900 3303 terrae,

139 3315 219 3372 Dum
232 3315 350 3372 Latium
364 3316 466 3373 Teucri
478 3316 655 3392 recidivaque
669 3316 810 3393 Pergama
822 3313 982 3390 quaerunt?

138 3395 208 3452 Non
222 3395 319 3465 satius,
334 3394 439 3454 cineres
453 3397 554 3472 patriae
568 3395 704 3454 insedisse
717 3414 871 3472 supremos

138 3476 235 3551 Atque
249 3475 341 3532 solum
356 3495 410 3550 quo
425 3475 510 3553 Troja
522 3475 603 3534 fuit?
624 3475 776 3533 Xanthum
789 3476 820 3532 et
834 3474 984 3531 Simoenta

138 3555 246 3625 Redde,
260 3575 318 3626 oro,
331 3555 456 3626 miseris;
476 3556 636 3633 iterumque
649 3554 793 3613 revolvere
806 3573 886 3611 casus

138 3635 193 3705 Da,
207 3637 295 3710 pater,
311 3635 413 3692 Iliacos
427 3634 572 3692 Teucris.”
615 3636 691 3693 Tum
703 3635 783 3711 regia
795 3633 817 3691 J
819 3653 875 3691 uno

138 3716 213 3771 Aeta
226 3714 319 3772 furore
332 3715 428 3792 gravi:
450 3718 466 3745 “
476 3715 552 3786 Quid
565 3736 610 3773 me
625 3715 684 3773 alta
696 3714 810 3772 silentia
823 3713 902 3790 cogis

137 3793 290 3870 Rumpere,
305 3797 334 3852 et
348 3795 503 3852 obductum
515 3795 609 3853 verbis
622 3794 738 3872 vulgare
752 3792 901 3851 dolorem?

134 3875 249 3936 AEnean
262 3875 418 3935 hominum
430 3875 581 3952 quisquam
592 3874 745 3946 divumque
755 3872 870 3946 subegit

130 3959 218 4022 Bella
231 3959 325 4041 sequi,
341 3961 395 4020 aut
404 3958 529 4017 hostem
538 3953 606 4031 regi
616 3973 648 4010 se
655 3947 902 4007 summissum
