2446 4260
408 227 550 271 nnamos
564 228 626 270 nm.
640 229 663 270 1.
969 214 1025 270 115

70 371 162 432 Hinc
175 376 262 450 atque
274 371 343 431 hmc
356 371 551 450 glomerantur
564 371 702 429 Oreades:
723 370 772 429 illa
783 370 944 448 pharetram

74 452 155 511 Fert
166 454 295 524 humero,
309 452 496 530 gradiensque
509 453 574 511 dees
587 450 777 528 supereminet
790 471 904 524 omnes3

75 531 203 592 Latonae
214 533 339 591 tacitum
350 535 517 609 pertentant
530 532 634 609 gaudia
645 537 761 608 pectus:

77 610 165 670 Talis
176 616 237 673 erat
251 613 338 684 Dido,
350 612 438 671 talem
452 632 482 670 se
494 612 561 669 laeta
572 612 682 670 ferebat

80 689 147 747 Per
157 693 271 764 medios,
283 693 395 751 instans
408 691 485 769 operi
497 692 647 769 regnisque
660 690 773 749 futuris.

83 767 165 829 'Pom
174 773 280 832 foribus
294 772 375 844 divae,
388 771 482 830 media
493 771 638 830 testudine
651 771 761 847 templi,

88 845 174 924 Septa
185 852 270 911 armis
283 852 409 929 solioque
423 851 481 910 alte
494 851 614 910 subnixa
626 851 739 908 resedit.

91 924 118 980 J
118 945 163 988 ula
173 933 257 992 dabat
269 932 401 1010 legesque
413 931 490 1003 viris,
503 950 674 1008 operumque
686 931 812 989 laborem

93 1001 220 1070 Portus
233 1013 365 1089 aequabat
374 1011 471 1089 justis,
485 1015 535 1068 aut
549 1013 625 1069 sorte
638 1010 789 1082 trahebat3

97 1081 182 1154 Quum
194 1092 289 1151 subito
302 1091 407 1149 AEneas
421 1110 559 1149 concursu
572 1090 701 1148 accedere
714 1109 819 1167 magno

96 1160 201 1231 Anthea
213 1172 435 1250 Sergestumque
447 1169 526 1228 videt
539 1170 698 1247 fortemque
712 1169 894 1227 Cloanthum.

97 1235 314 1334 Tplerorumque
327 1250 405 1322 alios,
418 1253 480 1309 ater
493 1270 563 1328 quos
577 1270 689 1327 aequore
701 1249 787 1309 turbo

93 1313 260 1404 D1⁸pulerat,
273 1330 442 1408 penitusque
455 1329 523 1388 alias
537 1332 668 1388 avexerat
682 1349 753 1387 oras.

91 1393 244 1488 Obstupuit
257 1410 343 1469 simul
354 1410 423 1488 ipse,
437 1409 523 1467 simul
534 1429 683 1486 percussus
695 1409 822 1466 Achates

85 1468 255 1568 Bessique
267 1493 418 1567 metuque:
440 1489 515 1547 avidi
528 1489 698 1566 conjungere
713 1488 825 1546 dextras

79 1552 247 1648 Arctoosne
268 1570 319 1629 sed
330 1589 374 1628 res
388 1568 496 1628 animos
508 1569 656 1646 incognita
668 1569 776 1627 turbat.

74 1625 291 1722 Dsssimulant3
311 1652 341 1708 ct
353 1649 429 1708 nube
442 1668 511 1707 cava
523 1649 704 1725 speculantur
717 1647 824 1718 amicti,

73 1708 154 1814 Qum
166 1731 284 1789 fortuna
295 1729 363 1788 viris
375 1754 382 1801 ;
402 1727 519 1787 classem
532 1749 588 1806 quo
601 1728 685 1787 litore
697 1727 830 1804 linquant
841 1749 848 1797 3

67 1786 161 1868 Quld
172 1809 307 1869 veniant:
328 1808 438 1868 cunctis
450 1828 517 1866 nam
530 1807 597 1866 lecti
609 1807 729 1866 navibus
740 1807 831 1878 ibant,

63 1863 204 1948 Ol'antes
217 1889 338 1961 veniam,
351 1891 381 1948 et
394 1887 534 1966 templum
547 1888 668 1946 clamore
681 1887 826 1965 petebant.

113 1959 283 2048 Postquam
295 1967 470 2046 introgressi,
484 1970 514 2026 et
527 1987 622 2026 coram
637 1967 705 2025 data
717 1967 798 2044 copia
810 1965 897 2033 fandi,

57 2020 230 2138 {lauimus
244 2048 369 2107 llioneus
382 2047 492 2125 placido
505 2047 545 2106 sic
558 2050 672 2125 pectore
685 2047 790 2123 coepit:

98 2118 132 2178 0
149 2129 271 2207 Regina,
284 2148 389 2187 novam
402 2128 448 2186 cui
461 2127 579 2186 condere
593 2126 709 2204 Jupiter
721 2127 821 2185 urbem

55 2183 263 2287 Justifiaque
275 2208 355 2268 dedit
367 2210 468 2285 gentes
481 2207 589 2266 frenare
602 2207 744 2283 superbas,

57 2263 175 2348 Trois
187 2291 219 2347 te
231 2287 336 2359 miseri,
349 2287 443 2346 ventis
456 2287 546 2345 maria
558 2287 654 2346 omnia
666 2286 751 2357 vecti,

55 2349 224 2427 Oramus:
244 2367 362 2445 prohibe
374 2367 504 2425 infandos
518 2366 667 2425 anavibus
681 2366 778 2444 ignes3

53 2423 174 2506 Pareo
187 2447 234 2525 pio
248 2447 352 2525 generi,
366 2451 396 2506 et
408 2447 524 2525 propius
536 2466 581 2505 rcs
595 2446 687 2523 aspice
700 2448 821 2504 nostras.

52 2504 107 2573 N
106 2542 156 2585 011
167 2548 219 2586 nos
233 2530 283 2586 aut
296 2527 370 2587 ferro
383 2526 506 2605 Libycos
519 2525 653 2603 populare
664 2528 781 2603 penates

50 2583 231 2679 Venimus,
245 2609 297 2666 aut
308 2609 405 2684 raptas
417 2607 454 2664 ad
465 2605 550 2664 litora
561 2608 671 2664 vertere
683 2604 811 2682 predas:

106 2702 158 2744 on
170 2707 202 2745 ea
213 2687 257 2745 vis
270 2686 374 2758 animo,
387 2706 439 2745 nec
451 2688 536 2744 tanta
548 2685 678 2762 superbia
689 2683 783 2742 victis.

51 2745 147 2822 Est
157 2766 242 2838 locus,
255 2766 426 2844 Hesperiam
439 2765 520 2824 Graii
533 2765 701 2843 cognomine
715 2763 823 2834 dicunt,

51 2826 176 2904 Terra
186 2846 311 2924 antiqua,
324 2848 425 2924 potens
441 2845 525 2903 armis
540 2848 625 2922 atque
638 2845 723 2902 ubere
736 2842 845 2921 glebae:

54 2911 203 2984 (Emori
216 2927 325 2986 coluere
337 2925 411 2998 viri3
431 2945 506 2983 nunc
519 2924 603 2997 fama,
617 2924 740 2982 minores

54 2985 203 3064 Italiam
215 3005 318 3065 dixisse
331 3005 410 3064 ducis
423 3005 458 3064 de
470 3005 586 3065 nomine
599 3007 724 3082 gentem.

113 3097 162 3138 ¹10
172 3105 265 3144 cursus
278 3085 353 3156 fuit;

59 3149 182 3222 Quum
195 3166 291 3224 subito
303 3183 453 3242 assurgens
466 3164 558 3223 fluctu
569 3163 715 3221 nimbosus
729 3161 817 3219 Orion

58 3223 122 3288 In
140 3245 207 3305 Vada
219 3265 292 3304 caeoa
303 3244 381 3316 tulit,
394 3244 564 3321 penitusque
577 3241 741 3320 procacibus
755 3240 860 3299 austris

60 3301 196 3401 Ρῗηιιο
208 3325 307 3398 undas,
319 3326 471 3401 superante
483 3323 551 3396 salo,
564 3342 669 3400 perque
680 3321 758 3379 invia
771 3340 838 3378 saxa

62 3379 222 3471 DISpulit.
262 3404 332 3464 Huc
344 3403 428 3481 pauci
439 3403 542 3463 vestris
555 3402 722 3461 adnavimus
736 3401 800 3459 oris.

64 3461 171 3537 Quod
180 3505 269 3562 genus
279 3483 334 3543 hoc
343 3482 494 3544 hominum
504 3482 517 3541 Ρ
532 3502 628 3560 quaeve
637 3481 714 3539 hunc
721 3483 784 3539 tam
792 3479 912 3539 barbara
920 3495 1029 3535 morem

60 3533 235 3623 Permittit
247 3563 364 3642 patris?
383 3562 509 3641 hospitio
522 3561 706 3639 prohibemur
719 3560 825 3618 arenae!

54 3610 166 3746 {fella
179 3644 264 3717 cient,
276 3643 424 3721 primaque
436 3645 537 3701 vetant
551 3642 704 3701 consistere
716 3643 802 3697 terra.

49 3714 103 3826 ΑΙ
118 3725 217 3782 genus
229 3724 388 3782 humanum
401 3727 432 3782 ct
444 3721 576 3780 mortalia
587 3719 717 3781 temnitis
731 3737 817 3789 armo,

49 3778 119 3914 ΒΞ
133 3806 250 3874 sperate
263 3803 330 3862 dcos
342 3823 481 3862 memores
493 3801 572 3860 fandi
586 3805 672 3878 atque
684 3796 807 3856 nefandi.

43 3915 99 3984 N
118 3880 143 3925 ἶ
159 3886 223 3941 erat
235 3882 341 3942 AEneas
354 3882 445 3955 nobis,
459 3902 515 3960 quo
524 3881 630 3959 justior
644 3879 716 3936 alter

97 3953 142 4003 ⁶⁰
156 3961 267 4040 pietate
280 3963 337 4022 fuit
350 3983 402 4022 neo
414 3962 489 4021 bello
502 3962 592 4039 major
606 3961 636 4019 et
649 3956 751 4016 armis:
