2446 4260
470 224 612 268 nmmos
625 224 688 265 um.
702 223 746 264 111.
1022 206 1080 263 301

139 368 214 440 En‚”
230 368 281 427 eit.
321 367 363 426 Et
372 368 499 446 jaculum
513 370 678 445 attorquens
692 365 801 425 emittit
814 364 845 422 in
858 383 948 435 auras,

138 447 316 526 Principium
328 468 439 526 pugnae,
453 451 482 506 et
496 467 594 525 campo
607 467 667 506 sese
680 447 784 504 erduus
796 445 891 504 infert.

138 528 268 588 Clamore
282 528 427 604 excipiunt
440 527 516 598 socii,
529 527 700 603 fremituque
714 527 871 601 sequuntur

135 607 316 680 Horrison03
336 607 477 666 Teucrum
490 606 630 664 mirantur
642 605 746 664 inertia
759 604 860 662 corda:

135 687 207 747 Non
220 708 302 764 aequo
315 687 381 746 dere
395 707 424 745 se
438 706 544 763 campo,
559 707 617 744 non
630 686 714 743 obvia
726 686 797 743 ferre

134 769 228 826 Arma
240 767 326 839 viros,
339 767 390 825 sed
402 770 495 825 cestre
507 766 609 824 fovere.
650 765 719 823 Huc
732 763 864 822 turbidus
877 763 962 840 atque
974 760 1032 819 huc

134 846 260 906 Lustrat
273 867 345 924 equo
358 866 462 918 muros,
476 845 640 922 aditumque
652 865 704 921 per
716 844 779 902 avia
792 842 905 920 quaerit.

134 928 182 986 Ac
196 927 288 985 veluti
300 926 383 1004 pleno
395 927 479 1003 lupus
492 925 641 982 insidiatus
654 923 723 982 ovili

136 1007 235 1079 Quum
247 1006 344 1064 fiemit
358 1007 394 1063 ad
407 1005 508 1076 caulas,
521 1008 622 1062 ventos
635 1023 781 1080 perpessus
795 1005 825 1060 et
838 1001 951 1072 imbres,

136 1085 169 1144 N
170 1091 235 1144 octe
248 1105 332 1163 super
344 1085 453 1157 medie3
473 1083 532 1142 tuti
545 1085 598 1143 sub
611 1083 750 1142 matribus
764 1081 831 1159 agui

139 1165 278 1225 Baletum
291 1168 436 1223 exercent:
457 1164 504 1222 ille
517 1183 597 1241 asper
611 1167 640 1221 et
653 1162 807 1240 improbus,
820 1161 863 1220 ira

141 1245 229 1304 Saevit
241 1246 273 1302 in
286 1246 431 1316 absentes3
452 1243 568 1302 collecta
580 1243 684 1322 fatiget
698 1241 799 1300 edendi

141 1325 187 1382 Ex
199 1325 287 1402 longo
299 1324 399 1395 rabies,
412 1327 442 1382 et
455 1324 534 1382 siccae
547 1323 684 1400 sauguine
697 1322 799 1379 fauces.

141 1404 231 1463 Haud
243 1404 327 1462 aliter
340 1403 459 1475 Rutulo,
473 1423 569 1461 muros
583 1408 613 1461 et
627 1405 720 1460 castra
732 1399 836 1472 tuenti,

141 1484 299 1561 Ignescunt
311 1484 377 1555 irae3
397 1483 474 1542 duris
487 1483 568 1541 dolor
580 1482 689 1541 ossibus
703 1480 801 1552 ardet;

142 1564 204 1636 Qua
216 1567 312 1622 tentet
325 1563 435 1622 ratione
448 1563 551 1634 aditus,
564 1565 594 1620 et
608 1583 670 1640 quae
683 1561 729 1618 vie
742 1561 850 1618 clausos

141 1643 280 1702 Excutiat
293 1643 416 1702 Teucros
429 1643 513 1714 vallo,
526 1645 612 1719 atque
625 1641 752 1700 effimdet
765 1640 796 1697 in
809 1659 913 1716 eequor.

142 1722 274 1796 Classem,
288 1743 351 1800 quae
363 1723 445 1781 lateri
459 1725 616 1781 castrorum
629 1721 763 1799 adjuncta
774 1719 892 1792 latebat,

140 1803 301 1880 Aggeribus
316 1805 425 1879 septam
438 1802 544 1861 circum
557 1805 587 1860 et
600 1799 759 1859 fluvialibus
772 1800 866 1871 undis,

140 1881 274 1954 Invadit3
295 1883 439 1958 sociosque
451 1880 581 1940 incendia
592 1881 684 1958 poscit
697 1882 831 1950 ovantes3

140 1963 237 2041 Atque
249 1981 367 2020 manum
379 1962 450 2039 pinu
462 1961 595 2038 flagranti
607 1960 730 2018 fervidus
743 1958 852 2035 implet.

141 2042 216 2100 Tum
229 2062 295 2100 vero
308 2041 494 2112 incumbunt;
514 2043 598 2118 urget
612 2039 764 2118 presentie
776 2037 885 2110 anni3

140 2122 237 2199 Atque
251 2121 343 2180 omnis
357 2121 463 2179 facibus
477 2121 565 2196 pubes
578 2119 736 2196 accingitur
750 2118 827 2177 atris.

141 2200 291 2279 Diripuere
296 2196 398 2272 'focos3
417 2201 528 2277 piceum
542 2200 597 2258 fert
610 2199 719 2257 fumida
730 2198 827 2256 lumen

140 2280 234 2353 Tude,
248 2284 278 2340 et
291 2281 475 2339 commixtam
488 2279 632 2338 Vulcanus
646 2279 683 2337 ad
695 2281 772 2337 astra
784 2278 918 2338 favillam.

180 2360 251 2434 Quis
264 2361 342 2432 deus,
355 2381 373 2419 o
386 2360 489 2431 Musae,
501 2362 563 2417 tem
577 2380 651 2417 sceva
663 2359 792 2417 incendio
805 2358 920 2418 Teucris

140 2440 281 2500 Avertit?
300 2443 399 2498 tantos
412 2440 521 2498 ratibus
535 2439 597 2516 quis
612 2439 720 2515 depulit
732 2436 836 2516 ignesi

141 2519 246 2579 Dicite.
286 2519 385 2578 Prisca
396 2519 467 2577 fides
480 2519 564 2590 facto,
578 2519 628 2576 sed
639 2519 715 2576 fama
727 2517 866 2594 perennis.

141 2599 280 2678 Tempore
293 2619 349 2677 quo
361 2598 485 2676 primum
499 2597 628 2676 Phrygia
640 2597 781 2656 formabat
793 2597 823 2654 in
838 2597 893 2655 Ide

140 2679 246 2738 AEneas
259 2679 384 2750 classem,
398 2682 428 2737 et
441 2678 535 2756 pelagi
547 2682 641 2755 petere
655 2677 714 2734 alta
726 2676 851 2753 parabat,

142 2759 211 2836 Ipso
223 2760 309 2817 deum
321 2759 412 2816 fertur
425 2758 554 2836 genetrix
568 2756 739 2833 Berecyntia
750 2775 888 2832 maguum

140 2838 265 2897 Vocibus
278 2837 323 2896 his
337 2838 423 2896 affata
436 2837 457 2895 J
458 2857 556 2896 orem:
577 2840 593 2867 “
602 2835 657 2908 Da,
670 2838 746 2906 nate,
759 2834 878 2911 petenti,

142 2919 226 2990 Quod
238 2921 291 2976 tua
304 2937 367 2976 care
379 2937 480 2994 parens
494 2916 602 2975 domito
614 2918 645 2973 te
658 2914 750 2992 poscit
764 2914 896 2992 Olympo.

142 2997 232 3057 Pinea
244 2998 316 3055 silva
328 2997 400 3055 mihi
413 2997 519 3055 multos
533 2995 637 3054 dilecte
649 3015 699 3072 per
712 3014 816 3052 annos:

144 3078 254 3155 [Lucus
267 3077 298 3135 in
311 3097 374 3135 arce
386 3077 442 3135 fuit
456 3096 575 3147 summa,
589 3095 644 3151 quo
659 3095 737 3133 sacra
749 3074 886 3148 ferebant,
900 3080 902 3084 ⁸

142 3157 281 3235 Nigranti
294 3157 372 3234 picea
384 3157 568 3232 trabibusque
581 3156 716 3214 obscurus
729 3154 835 3212 acernis
845 3154 866 3231 ε]

142 3237 206 3295 Has
220 3257 273 3314 ego
287 3236 433 3294 Dardanio
442 3235 550 3313 juveni,
564 3255 652 3312 quum
665 3234 761 3293 classis
774 3238 879 3312 egeret,

143 3316 228 3376 Laeta
241 3317 322 3388 dedi;
342 3337 417 3374 nunc
431 3315 582 3374 sollicitem
594 3315 683 3372 timor
695 3313 794 3371 anxius
807 3316 901 3392 urget.

143 3396 227 3455 Solve
240 3400 343 3467 metus,
356 3399 442 3471 atque
454 3395 509 3453 hoc
522 3395 650 3471 precibus
665 3394 724 3451 sine
737 3413 818 3470 posse
830 3397 985 3472 parentem,

142 3476 190 3534 Ne
204 3496 288 3534 cursu
301 3478 440 3553 quassatae
453 3474 511 3532 ullo
524 3494 580 3533 neu
592 3475 707 3533 turbine
720 3474 799 3531 venti

142 3556 319 3614 Vincantur:
340 3555 430 3632 prosit
444 3554 549 3613 nostrie
562 3554 593 3611 in
605 3554 751 3612 montibus
765 3553 871 3612 ortas.”

143 3635 234 3693 Filius
247 3635 314 3693 huic
327 3638 434 3706 contra,
448 3637 563 3710 torquet
577 3634 626 3709 qui
639 3634 730 3691 sidere
742 3633 858 3691 mundi:

144 3715 195 3772 “O
209 3715 348 3792 genetrix,
362 3734 418 3791 quo
431 3714 492 3772 fata
503 3712 611 3772 vocas?
632 3716 682 3771 aut
696 3713 763 3787 quid
776 3711 849 3788 petis
861 3708 949 3769 istis?

144 3794 300 3853 Mortaline
313 3814 401 3852 manu
414 3794 498 3853 fecte
512 3793 672 3851 immortale
685 3791 787 3849 cerinae

145 3873 202 3948 Eas
215 3873 363 3933 habeant?
385 3877 533 3950 certusque
546 3873 656 3931 incerta
668 3870 790 3948 pericula
801 3869 907 3930 lustret

140 3952 275 4011 Eneca?
291 3953 339 4011 cui
352 3956 434 4012 tanta
447 3953 501 4013 deo
511 3954 655 4034 permissa
665 3950 821 4033 potestas?
