2446 4260
467 232 609 278 mmos
622 233 684 276 m.
699 233 741 275 Π.

135 376 258 451 Interea,
271 379 302 438 et
314 376 438 437 tacitum
449 376 523 435 vivit
536 375 590 435 sub
601 378 715 454 pectore
728 374 840 434 uulnus.

134 457 237 516 Uritur
249 458 348 517 infelix
360 457 446 529 Dido,
458 459 577 533 totaque
589 459 711 534 vagatur

134 536 213 597 Urbe
224 538 338 597 surena:
359 536 448 613 qualis
462 537 590 616 conjecta
601 555 684 594 cerva
696 534 811 612 sagitta,

135 617 227 688 Quam
240 617 339 695 procul
351 617 496 675 incautam
508 635 625 675 nemora
636 615 713 673 iuter
726 614 823 674 cassu
835 614 900 674 fixit

135 696 239 755 Pastor
251 718 339 777 agens
351 696 425 767 telis,
437 695 577 772 liquitque
589 695 704 754 volatile
716 694 823 753 ferrum

134 776 255 836 Nescius
267 803 274 836 :
294 777 343 835 illa
354 776 424 853 fuga
436 775 520 834 silvas
533 775 677 851 saltusque
689 777 822 852 peragrat

135 855 261 915 Dictaeos
273 881 280 929 ;
299 857 390 915 haeret
402 855 486 914 lateri
498 854 590 914 letalis
603 854 720 913 arundo.

134 935 165 993 N
165 957 221 995 unc
236 937 329 994 media
340 935 452 994 AEncan
465 954 561 994 secum
572 954 624 1012 per
635 933 741 992 moenia
752 933 842 1005 ducit,

135 1016 319 1092 Sidoniasque
333 1017 460 1074 ostentat
473 1035 549 1092 opes,
562 1015 716 1089 urbemque
729 1017 874 1090 paratam3

135 1095 243 1173 Incipit
256 1095 343 1167 effari,
356 1095 503 1171 mediaque
515 1094 546 1152 in
558 1114 627 1152 voce
639 1093 764 1152 resistit:

134 1174 221 1234 Nunc
235 1175 341 1247 eadem,
354 1175 468 1234 labente
481 1174 534 1245 die,
548 1173 678 1232 convivia
690 1173 801 1249 quaerit,

135 1254 294 1331 Iliacosque
306 1255 409 1313 iterum
423 1255 538 1313 demens
551 1254 647 1312 audire
659 1253 769 1311 labores

135 1334 281 1412 Exposcit,
294 1335 454 1412 pendetque
465 1334 571 1393 iterum
583 1333 725 1391 narrantis
738 1332 774 1391 ab
787 1352 843 1390 ore.

135 1413 215 1486 Post,
229 1415 280 1472 ubi
293 1414 418 1492 digressi,
431 1414 582 1490 lumenque
596 1413 714 1471 obscura
726 1411 851 1470 vicissim

136 1493 219 1551 Luna
231 1494 345 1571 premit,
359 1493 533 1571 suadentque
546 1493 676 1552 cadentia
688 1492 779 1550 sidera
791 1511 913 1562 somnos,

136 1573 200 1632 Sola
213 1574 299 1632 domo
312 1575 411 1632 maeret
424 1593 520 1644 vacua,
534 1572 685 1649 stratisque
697 1570 803 1629 relictis

136 1652 277 1712 Incubet:
297 1652 380 1711 illum
392 1653 492 1711 absens
505 1652 650 1710 absentem
663 1651 798 1728 auditque
809 1650 952 1726 videtque.

137 1733 197 1792 Aut
210 1732 321 1810 gremio
334 1732 497 1803 Ascanium,
511 1731 648 1809 genitoris
660 1731 784 1808 imagine
797 1734 888 1807 capta,

138 1812 267 1884 Detinet,
280 1812 428 1870 infandum
442 1812 466 1870 si
478 1812 574 1870 fallere
586 1810 677 1888 possit
690 1830 824 1868 amorem.

138 1892 206 1951 Non
220 1895 323 1970 coeptae
336 1894 489 1970 assurgimt
501 1895 611 1962 turres3
630 1910 689 1948 non
702 1909 781 1947 arma
788 1890 925 1967 juventus

139 1972 269 2045 Exercet,
282 1975 417 2049 portusve
430 1975 481 2030 aut
493 1970 704 2048 propugnacula
715 1969 789 2028 bello

139 2051 215 2110 Tuta
227 2055 347 2129 parant:
367 2051 493 2129 pendent
506 2070 590 2128 opera
602 2050 770 2126 internupta,
783 2047 924 2124 minaeque

140 2131 290 2190 Murorum
303 2131 443 2208 ingentes,
457 2134 622 2207 aequataque
635 2129 767 2187 machina
779 2128 859 2186 coelo.

177 2212 272 2284 Quam
285 2211 369 2268 simul
382 2231 414 2269 ac
427 2211 480 2269 tali
492 2209 630 2287 persensit
643 2212 723 2286 peste
735 2208 827 2266 teneri

141 2289 211 2349 Cara
224 2291 246 2348 J
247 2291 307 2349 ovis
321 2291 431 2369 conjux,
444 2310 497 2348 nec
509 2290 615 2348 famam
628 2289 740 2347 obstare
753 2286 857 2359 furori;

141 2369 256 2428 Talibus
270 2371 435 2448 aggreditur
447 2370 587 2428 Venerem
600 2368 734 2427 Saturnia
746 2366 846 2426 dictis:

141 2453 155 2479 “
164 2449 324 2528 Egregium
335 2469 402 2508 vero
415 2449 528 2508 laudem
540 2452 570 2507 et
584 2448 673 2526 spolia
686 2447 780 2524 ampla
791 2445 901 2505 refertis

142 2528 240 2606 Tuque
253 2549 377 2607 puerque
389 2532 474 2600 tuus;
493 2548 630 2606 magnum
643 2531 673 2585 et
686 2526 866 2585 memorabile
879 2545 992 2596 numen,

141 2607 206 2667 Una
218 2609 284 2667 dolo
298 2609 396 2666 divum
409 2609 433 2666 si
445 2608 551 2666 femina
562 2608 640 2666 victa
652 2607 773 2665 duorum
785 2608 838 2664 cst.

140 2687 168 2747 N
168 2710 201 2748 ec
215 2709 263 2747 mc
276 2689 344 2748 adeo
357 2688 440 2760 fallit,
452 2688 573 2746 veritam
585 2689 616 2745 te
629 2686 734 2744 moenia
746 2688 853 2756 nostra,

140 2768 290 2846 Suspectas
303 2768 434 2826 habuisse
447 2769 546 2826 domos
560 2765 741 2842 Carthaginis
754 2765 829 2822 altae.

140 2847 194 2907 Sed
209 2848 273 2925 quis
287 2848 340 2906 erit
354 2847 477 2906 modus?
498 2850 549 2904 aut
562 2867 618 2922 quo
631 2866 707 2903 nunc
721 2843 876 2903 certamina
886 2841 993 2902 tanta?

140 2929 217 3000 Quin
230 2927 326 3005 potius
339 2947 437 3004 pacem
450 2930 586 2985 aeternam
598 2929 753 3002 pactosque
765 2924 929 3001 hymenaeos

138 3006 337 3066 Exercemusi
357 3008 452 3078 habes,
466 3010 530 3065 tota
542 3006 618 3082 quod
630 3007 726 3063 mente
739 3003 853 3081 petisti:

137 3087 233 3145 Ardet
247 3107 344 3144 amans
357 3086 443 3158 Dido,
456 3085 600 3162 traxitque
613 3105 663 3162 per
676 3103 739 3142 ossa
750 3084 883 3142 furorem.

139 3168 330 3226 Communem
343 3166 419 3224 hunc
433 3185 501 3242 ergo
513 3164 650 3242 populum
663 3164 831 3241 paribusque
844 3182 975 3241 regamus

137 3246 302 3323 Auspiciis;
321 3245 406 3304 liceat
420 3245 548 3323 Phrygio
562 3245 665 3303 servire
678 3243 791 3314 meritc,

138 3325 311 3402 Dotalisque
323 3329 384 3383 tua
399 3324 500 3402 Tyrios
512 3324 678 3401 permittere
691 3323 827 3381 dextrae.”

179 3405 369 3463 Olli-sensit
383 3404 459 3463 enim
472 3404 605 3462 simulata
617 3406 713 3461 mente
726 3402 861 3473 locutam,

138 3486 205 3558 Quo
218 3505 341 3562 regnum
350 3484 446 3542 Italiae
459 3483 581 3560 Libycas
593 3485 734 3541 averteret
748 3502 850 3540 oras—

138 3567 187 3624 Sic
202 3568 302 3623 contra
315 3567 359 3622 est
371 3564 498 3640 ingressa
510 3563 623 3622 Venus:
645 3567 661 3594 “
671 3561 740 3634 Quis
753 3562 823 3620 talia
835 3562 949 3619 demens

139 3647 270 3716 Abnuat,
283 3647 334 3701 aut
347 3647 443 3702 tecum
455 3643 537 3701 malit
551 3643 718 3701 contendere
731 3640 829 3700 bello?

141 3725 172 3783 si
186 3723 281 3795 modo,
295 3724 371 3801 quod
383 3743 531 3794 memoras,
544 3723 653 3782 factum
665 3723 782 3779 fortuna
795 3720 936 3798 sequatur.

141 3804 199 3862 Sed
212 3803 280 3862 fatis
293 3804 401 3862 incerta
412 3803 495 3874 feror,
509 3802 534 3860 si
546 3801 662 3879 Jupiter
673 3820 761 3859 unam

141 3885 215 3942 Esse
228 3883 299 3941 velit
312 3882 405 3960 Tyriis
418 3883 515 3940 urbem
531 3882 669 3960 Trojaque
682 3877 828 3961 profectis,

133 3961 282 4018 Mncerire
288 3961 396 4036 probet
402 3961 535 4039 populos,
547 3967 603 4024 aut
615 3964 727 4026 foedera
736 3962 835 4048 jungi.
