2446 4260
482 129 624 173 numos
637 130 699 171 nm.
713 129 772 172 VII.

131 269 262 331 Fatalis
276 272 374 344 crusti,
387 272 493 350 patulis
505 293 557 332 nee
569 292 683 350 parcere
695 273 825 350 quadris:

135 357 162 384 “
171 353 278 412 Heus!
299 354 387 412 etiam
400 373 511 412 mensas
525 353 717 411 consumimus
727 352 741 413 Ρ
751 354 770 378 ”
791 352 886 430 inquit
899 354 991 415 Iulus.

134 432 214 491 Nec
228 433 313 511 plura
325 433 461 492 alludens.
502 433 547 491 Ea
559 453 615 491 vox
628 433 726 491 audita
738 433 867 491 laborum

137 512 252 571 Prima
265 513 335 571 tulit
348 513 442 585 finem,
455 512 633 589 primamque
645 512 788 589 loquentis
801 514 837 571 ab
851 533 899 573 ore

138 593 271 670 Eripuit
283 596 373 671 pater,
387 612 419 651 ac
433 593 608 670 stupefactus
621 593 738 651 numine
751 593 862 669 pressit.

142 672 308 745 Continuo,
322 673 430 731 “Salve
443 673 510 730 fatis
524 673 596 730 mihi
610 672 707 731 debita
720 673 825 745 Tellus,

141 751 297 829 Vosque‚”
312 752 362 824 ait,
376 757 419 811 “o
432 752 483 809 fidi
496 752 587 830 Trojae
601 751 707 810 salvete
722 752 853 810 Penates.

143 831 212 890 Hie
226 832 337 904 domus,
350 833 411 890 haec
424 831 518 908 patria
530 836 583 890 est.
624 832 746 890 Genitor
758 832 829 890 mihi
843 832 921 905 talia,
934 853 1057 911 namque

144 911 240 970 Nunc
254 915 361 988 repeto,
374 911 514 970 Anchises
527 912 653 969 fatorum
667 931 768 969 arcana
780 911 912 988 reliquit:

150 992 252 1063 Quum
265 994 304 1063 te,
317 995 393 1062 nate,
406 992 495 1050 fames
509 990 610 1068 ignota
623 992 659 1049 ad
672 991 758 1049 litora
770 996 887 1051 vectum

149 1071 263 1130 Accisis
276 1074 360 1149 coget
373 1071 492 1148 dapibus
506 1090 670 1129 consumere
683 1090 811 1130 mensas:

151 1151 230 1210 Tum
244 1171 354 1228 sperare
367 1151 466 1209 domos
479 1151 613 1220 defessus,
627 1150 722 1226 ibique
735 1154 879 1209 memento

151 1229 253 1288 Prima
265 1230 357 1289 locare
370 1250 458 1288 manu
469 1230 618 1306 molirique
632 1250 735 1307 aggere
747 1233 833 1288 tecta.

152 1310 227 1369 Haec
241 1313 302 1368 erat
314 1310 363 1368 illa
375 1310 480 1381 fames3
499 1311 562 1368 haec
574 1331 626 1368 nos
640 1330 771 1386 suprema
783 1312 925 1384 manebat,

152 1389 260 1448 Exitiis
273 1390 401 1467 positura
413 1390 539 1448 modum.

153 1470 247 1541 Quare
260 1469 345 1548 agite,
359 1472 389 1528 et
401 1469 493 1546 primo
506 1468 567 1528 laeti
579 1489 645 1527 cum
657 1468 764 1527 lumine
777 1469 853 1541 solis,

154 1550 224 1621 Quae
237 1549 307 1621 loca,
321 1549 405 1625 quive
417 1551 542 1608 habeant
555 1548 694 1620 homines,
708 1549 759 1607 ubi
771 1550 878 1608 moenia
890 1549 995 1628 geneis,

153 1628 345 1706 Vestigemus,
359 1633 389 1688 11
403 1650 420 1687 a
432 1632 519 1706 portu
531 1629 642 1687 diversa
654 1631 794 1706 petamus.

154 1709 242 1768 Nunc
255 1712 367 1787 pateras
380 1709 468 1768 libate
482 1709 503 1766 J
504 1709 559 1781 ovi,
573 1708 758 1786 precibusque
771 1712 871 1768 vocate

153 1789 300 1848 Anchisen
312 1789 480 1866 genitorem,
495 1791 525 1847 et
538 1789 605 1847 rina
617 1789 746 1865 reponite
759 1788 894 1848 mensis.”

154 1868 201 1928 Sic
214 1868 316 1928 deinde
329 1869 431 1928 effatus
444 1869 589 1927 frondenti
601 1871 731 1945 tempora
743 1888 823 1927 ramo

154 1947 298 2026 Implicat,
312 1951 342 2007 et
356 1948 535 2025 Geniumque
548 1948 611 2019 loci,
625 1949 802 2024 primamque
816 1948 934 2008 deorum

154 2027 306 2100 Tellurem,
319 2027 536 2106 Nymphasque,
549 2031 579 2086 11
593 2028 685 2086 adhuc
698 2028 800 2106 ignota
812 2031 944 2106 precatur

154 2107 306 2180 Flumine3
325 2110 391 2166 tum
403 2108 538 2180 Noctem,
553 2107 712 2185 Noctisque
726 2108 847 2167 orientia
860 2109 950 2186 signa,

153 2185 321 2264 Idaeumque
335 2186 357 2245 J
357 2207 447 2260 ovem,
461 2187 676 2265 Phrygiamque
689 2208 724 2246 ex
737 2187 835 2248 ordine
849 2188 985 2261 Matrem,

153 2264 284 2339 Invocat,
297 2270 327 2326 et
341 2266 465 2344 duplices
479 2266 614 2344 Caeloque
627 2267 776 2343 Ereboque
788 2271 929 2344 parentes.

153 2345 213 2406 Hie
227 2347 315 2406 Pater
328 2347 508 2424 omnipotens
520 2350 566 2406 ter
579 2346 650 2406 coelo
664 2348 756 2406 clarus
769 2348 805 2406 ab
818 2348 878 2408 alto

154 2424 298 2498 Intonuit,
310 2426 451 2503 radiisque
464 2427 611 2485 ardentem
624 2427 695 2486 lucis
709 2430 739 2486 et
753 2447 821 2486 auro

154 2505 221 2584 Ipse
233 2526 322 2564 manu
335 2509 464 2582 quatiens
478 2507 604 2564 ostendit
617 2507 653 2564 ab
666 2506 770 2564 aethere
783 2507 899 2565 nubem.

155 2584 275 2644 Diditur
286 2585 334 2644 hic
347 2586 443 2645 subito
456 2586 579 2664 Trojana
590 2606 641 2663 per
654 2586 769 2664 agmina
780 2605 886 2658 rumor,

155 2665 312 2725 Advenisse
325 2665 409 2738 diem,
422 2685 479 2744 quo
493 2666 590 2724 debita
602 2666 709 2723 moenia
721 2665 854 2724 condant.

155 2744 296 2804 Certatim
309 2735 471 2804 inst'aurant
485 2746 589 2823 epulas,
604 2749 689 2821 atque
703 2744 797 2803 omine
810 2765 916 2822 magno

155 2824 286 2884 Crateras
299 2825 360 2883 laeti
373 2828 517 2897 statuunt,
531 2829 561 2884 et
574 2825 641 2883 vina
654 2827 800 2883 coronant.

191 2905 313 2963 Postera
326 2925 415 2981 quum
428 2905 520 2984 prima
532 2905 674 2963 lustrabat
687 2905 816 2981 lampade
828 2907 920 2964 terras

150 2985 227 3043 Orta
240 2985 308 3056 dies,
322 2986 422 3044 urbem
435 2987 465 3043 11
478 2986 549 3043 fines
563 2987 592 3043 et
606 2984 692 3043 litora
704 2985 799 3062 gentis

148 3061 268 3123 Diversi
282 3064 447 3141 explorant3
466 3065 528 3123 haec
541 3065 629 3122 fontis
643 3067 747 3141 stagna
759 3063 886 3136 Numici,

145 3141 244 3202 Hunc
258 3144 400 3221 Thybrim
412 3144 540 3215 fluvium,
554 3144 601 3202 hic
615 3145 703 3203 fortes
716 3144 846 3202 habitare
860 3144 990 3202 Latinos.

146 3222 230 3282 Tum
244 3227 323 3282 satus
336 3225 464 3283 Anchisa
478 3224 602 3282 delectos
616 3224 713 3282 ordine
727 3223 763 3282 ab
776 3223 856 3282 omni

144 3303 279 3363 Centum
292 3307 417 3362 oratores
430 3307 555 3380 augusta
567 3304 603 3361 ad
615 3304 721 3362 moenia
733 3303 808 3381 regis

144 3381 200 3442 Ire
209 3383 303 3461 jubet,
318 3384 404 3442 ramis
417 3385 526 3442 velatos
540 3383 664 3441 Palladis
678 3403 784 3455 111111,

148 3463 294 3540 Donaque
305 3463 378 3522 ferre
391 3463 462 3535 viro,
475 3483 628 3540 pacemque
641 3482 789 3540 exposcere
803 3462 928 3520 Teucris.

148 3543 243 3602 Haud
255 3563 351 3602 mora:
371 3544 510 3602 festinant
519 3543 601 3621 jussi,
615 3542 775 3620 rapidisque
787 3543 919 3600 feruntur

151 3622 297 3682 Passibus.
338 3622 404 3700 Ipse
418 3623 521 3682 humili
534 3623 665 3700 designat
678 3623 784 3680 moenia
796 3622 879 3693 fossa,

153 3702 333 3780 Moliturque
346 3703 458 3774 locum;
471 3704 632 3780 primasque
645 3703 676 3760 in
689 3703 772 3760 litore
786 3701 874 3773 sedes,

154 3780 320 3842 Castrorum
332 3782 363 3840 in
375 3803 492 3855 morem,
504 3783 601 3860 pinnis
614 3785 701 3861 atque
715 3800 820 3862 aggere
833 3779 936 3862 cingit.

143 3859 267 3935 Jamque
276 3861 336 3918 iter
347 3862 462 3937 emensi,
478 3865 573 3925 turres
586 3885 621 3925 ac
635 3867 718 3927 tecta
730 3864 914 3929 Latinorum
