2446 4260
132 218 192 278 236
326 281 328 284 ,
448 236 476 278 r.
490 234 631 278 merum
644 233 852 286 iniremus¹

133 377 176 434 At
189 378 271 454 pater
284 377 464 456 omnipotens
478 378 565 436 densa
577 378 654 436 inter
665 377 764 436 nubila
775 378 869 437 telum

134 456 299 531 contorsit,
318 477 377 516 non
390 458 437 517 ille
450 458 533 530 faces,
546 478 599 517 nec
612 457 708 516 fumea
719 458 806 516 taedis

134 535 275 610 humina3
295 537 528 615 praecipitemque
540 537 659 596 immani
672 537 788 596 turbine
802 537 908 616 adegit.

134 615 198 674 Nec
210 637 270 674 non
282 620 312 674 et
326 616 443 695 Tityon,
457 618 551 676 Terrae
564 617 768 694 omniparentis
782 617 940 692 alumnum,

32 742 36 749 .
135 694 256 754 Cernere
269 700 339 769 erat,
352 717 403 774 per
415 701 480 756 tota
492 717 595 756 novem
609 697 655 755 cui
664 698 767 775 jugera
779 717 881 775 corpus

135 774 315 852 Porrigitur;
335 781 483 853 rostroque
496 777 629 834 immanis
642 777 741 834 vultur
754 778 865 836 obunco

135 853 304 914 Im1nortale
313 856 394 934 jecur
406 857 537 927 tondens,
551 857 726 933 fecundaque
739 857 830 934 poenis

134 933 259 1008 Viscera,
273 935 449 1013 rimaturque
463 937 562 1013 epulis,
572 936 742 1012 habitatque
755 937 809 994 sub
823 936 883 996 alto

136 1012 274 1088 Pectore;
293 1035 346 1074 nee
358 1016 438 1074 fibris
451 1017 561 1093 requies
575 1016 661 1074 datm
673 1016 732 1073 ulla
740 1016 857 1074 renatis.

136 1093 214 1166 Quid
226 1115 380 1154 memorem
394 1095 542 1172 Lapithas,
556 1095 659 1154 Ixiona
672 1093 919 1173 Pirithoumque?

136 1173 215 1246 Quos
229 1195 312 1253 super
325 1177 388 1233 atra
401 1175 471 1234 silex
479 1176 541 1254 jam
550 1176 612 1253 jam
623 1175 738 1252 lapsura
750 1175 919 1254 cadentique

136 1251 276 1312 Imminet
289 1254 429 1314 assimilis.
469 1255 583 1314 Lucent
596 1255 755 1332 genialibus
768 1255 835 1313 altis

136 1333 232 1392 Aurea
243 1334 334 1393 fulcra
345 1334 425 1407 toris,
439 1335 584 1412 epulaeque
597 1338 664 1393 ante
678 1355 727 1393 ora
739 1337 846 1412 paratae

136 1411 267 1490 Regilico
279 1413 366 1487 luxu3
386 1414 536 1473 bimarem
548 1414 673 1472 maxima
681 1414 766 1492 juxta

136 1491 276 1565 Accubat,
290 1497 320 1552 et
329 1495 461 1553 manibus
473 1495 607 1572 prohibet
621 1494 786 1572 contingere
799 1512 921 1566 mensas,

135 1571 331 1651 Exsurgitque
343 1574 434 1633 facem
447 1575 580 1645 attolens,
594 1576 680 1650 atque
693 1573 809 1632 intonat
822 1593 879 1633 ore.

138 1650 207 1725 Hic,
221 1653 323 1730 quibus
336 1653 422 1712 invisi
434 1654 545 1726 fratres,
560 1654 630 1712 dum
642 1653 704 1712 vita
716 1654 861 1727 manebat,

138 1730 311 1792 Pulsatusve
323 1753 433 1810 parens,
447 1736 477 1792 et
490 1734 568 1793 fraus
581 1734 685 1792 innexa
697 1732 796 1791 clienti
807 1757 814 1807 ;

140 1812 203 1870 Aut
216 1813 265 1889 qui
279 1813 386 1871 divitiis
400 1814 453 1873 soli
461 1814 614 1872 incubuere
627 1813 754 1890 repertis,

140 1891 204 1950 Nec
217 1895 329 1968 parbem
341 1913 459 1970 posuere
472 1894 539 1966 suis,
553 1913 617 1970 quae
631 1893 756 1951 maxima
768 1892 854 1951 turba
867 1893 931 1964 est;

141 1970 253 2048 Quique
266 1972 303 2031 ob
315 1972 487 2032 adulterium
501 1973 581 2045 caesi3
602 1972 705 2048 quique
718 1992 797 2030 arma
810 1971 901 2030 secuti

140 2049 244 2127 Impia,
257 2072 309 2111 nec
323 2052 408 2111 veriti
420 2053 601 2111 dominorum
611 2052 705 2110 fallere
719 2053 882 2123 dextras,—

140 2129 250 2189 Inclusi
262 2153 376 2209 poenam
389 2136 563 2210 exspectant.
604 2132 652 2190 Ne
665 2151 760 2208 quaere
773 2131 876 2202 doceri,

142 2209 236 2282 Quam
249 2231 379 2289 poenam3
399 2216 450 2271 aut
463 2233 526 2289 quae
540 2213 632 2270 forma
644 2212 720 2269 viros
733 2213 883 2270 fortunare
896 2208 1007 2268 mersit.

142 2288 249 2348 Saxum
262 2291 363 2369 ingens
377 2292 497 2350 volvunt
511 2292 567 2363 alii,
580 2291 701 2349 radiisve
713 2295 842 2350 rotarum

142 2369 277 2429 Districti
290 2372 432 2448 pendent;
453 2372 541 2444 sedet,
555 2375 749 2447 aeternumque
763 2370 880 2442 sedebit,

143 2449 248 2509 Infelix
262 2451 405 2523 Theseus3
425 2451 625 2528 Phlegyasque
638 2450 812 2508 miserrimus
826 2469 924 2508 omnes

142 2529 297 2602 Admonet,
312 2534 342 2590 et
354 2552 459 2609 magna
471 2535 597 2589 testatur
609 2550 678 2589 voce
691 2551 741 2607 per
754 2530 885 2588 umbras:

143 2608 271 2668 ‘Discite
280 2610 425 2688 justitiam
438 2611 551 2683 moniti,
565 2614 595 2669 et
608 2631 666 2668 non
679 2613 806 2668 temnere
820 2608 920 2667 divos?

142 2689 281 2747 Vendidit
294 2691 341 2749 hic
355 2711 422 2750 auro
436 2691 567 2768 patriam,
581 2691 783 2766 dominumque
796 2692 946 2766 potentem

143 2768 304 2847 Imposuit;
324 2772 388 2829 fixit
401 2771 477 2848 leges
490 2771 583 2847 pretio
597 2773 682 2846 atque
695 2769 805 2828 refixit:

142 2847 202 2907 Hic
216 2850 376 2910 thalamum
389 2851 494 2909 invasit
508 2854 585 2909 natae
599 2850 761 2927 vetitosque
773 2849 955 2926 hymenaeos:

142 2928 216 2986 Ausi
229 2949 327 2989 omnes
340 2932 464 2989 immane
477 2931 564 3001 nefas,
579 2949 701 3005 ausoque
714 2929 810 3006 potiti.

142 3007 221 3079 Non,
234 3009 306 3067 mihi
320 3010 345 3068 si
357 3010 462 3088 linguae
476 3013 592 3069 centum
606 3010 673 3080 sint,
688 3029 790 3085 oraque
804 3010 930 3078 centum,

144 3086 248 3146 Ferrea
261 3109 324 3162 vox,
338 3110 436 3149 omnes
450 3090 586 3148 scelerum
600 3089 799 3165 comprendere
812 3089 927 3157 formas,

145 3166 250 3225 Omnia
261 3188 410 3244 poenarum
423 3190 569 3247 percutere
581 3169 698 3228 nomina
710 3167 846 3244 possimff’

179 3246 257 3306 Haec
270 3249 321 3306 ubi
334 3249 412 3308 dicta
425 3250 503 3309 dedit
517 3249 621 3307 Phoebi
634 3249 763 3325 longeva
776 3246 920 3305 sacerdos:

143 3330 160 3358 “
169 3327 226 3385 Sed
233 3328 296 3405 jam
309 3349 370 3406 age,
384 3349 466 3407 carpe
478 3330 563 3401 viam,
578 3333 608 3387 et
622 3331 786 3404 susceptum
798 3327 901 3404 perfice
914 3344 1020 3382 munus
1031 3350 1038 3398 3

142 3407 369 3480 Acceleremus,’'
385 3409 441 3468 ait:
463 3414 479 3440 “
489 3408 647 3486 Cyclopum
660 3409 764 3466 educta
776 3405 893 3465 caminis

143 3486 255 3546 Moenia
267 3488 417 3565 conspici0‚
431 3492 517 3564 atque
530 3489 647 3547 adverso
660 3487 767 3546 fornice
780 3490 886 3563 portas,

143 3567 216 3626 Haec
229 3568 280 3626 ubi
292 3589 344 3626 nos
358 3572 498 3646 praecepta
507 3569 611 3646 jubent
625 3570 763 3645 deponere
777 3565 880 3624 dona.'’

142 3647 272 3721 Dixerat,
287 3652 317 3707 et
330 3649 436 3725 pariter
448 3648 538 3726 gressi
550 3669 600 3725 per
613 3667 701 3725 opaca
713 3647 825 3704 viarum

143 3726 309 3805 corripiunt
323 3728 449 3805 spatium
462 3729 596 3800 medium,
610 3728 772 3802 foribusque
786 3724 990 3802 propinquant.

143 3807 272 3885 Occupat
285 3809 390 3866 AEneas
404 3808 523 3880 aditum,
539 3827 694 3884 corpusque
707 3805 817 3864 recenti

139 3888 259 3970 Spargit
273 3909 357 3970 aqua,
369 3909 540 3967 ramumque
551 3889 669 3946 aduerso
679 3886 715 3942 in
722 3885 821 3941 limine
833 3884 909 3959 figit.

174 3972 238 4038 His
252 3973 380 4036 demum
391 3972 515 4048 exactis,
524 3969 655 4051 perlecto
664 3981 787 4024 munero
797 3962 885 4030 huss,
