2446 4260
147 214 204 276 178
449 232 786 290 12.vmo1n11uanor1s
899 232 906 244 ·

145 373 204 432 Hic
217 373 341 451 primum
353 374 467 452 paribus
480 375 574 434 nitens
589 374 733 452 Cyllcnius
747 375 799 434 alis

146 453 301 527 Constitit;
321 455 387 513 hinc
400 457 465 514 toto
477 474 601 532 praeceps
615 475 644 512 se
658 475 773 532 corpore
786 457 823 515 ad
835 458 926 517 undas

132 533 238 605 =Misit,
252 534 298 592 avi
311 535 418 606 similis,
432 554 493 611 quae
506 535 613 593 circum
625 534 718 607 litua,
732 534 840 594 circum

144 612 273 672 Piscosos
287 614 423 692 scopulos,
437 614 553 672 humilis
565 614 643 676 volat
656 633 770 690 aequora
777 615 872 693 juxta.

147 692 249 768 [Haud
263 693 345 752 aliter
358 699 447 752 terras
460 694 535 752 inter
548 694 706 770 coelumque
718 695 842 770 volabat,

144 771 228 830 Litus
242 793 390 832 arenosum
402 773 503 851 Libyae
515 775 671 850 ventosque
684 774 797 833 secabat

143 851 277 911 Materno
290 853 404 911 veniens
417 854 453 911 ab
466 873 518 912 avo
533 852 661 932 Cyllenia
672 853 788 931 proles]

144 931 188 989 Ut
201 932 325 1009 primum
338 932 420 991 alatis
433 933 533 1010 tetigit
546 933 669 1010 magalia
680 933 796 1010 plantis,

143 1010 254 1069 AEnean
266 1012 433 1070 fundantem
447 1033 523 1071 arces
536 1033 569 1072 ac
581 1015 660 1071 tecta
671 1016 827 1072 novantem

144 1090 305 1168 Conspicit:
327 1094 412 1168 atque
424 1092 467 1149 illi
479 1093 608 1151 stellatus
621 1092 727 1169 iaspide
740 1093 819 1152 firlva

142 1169 229 1228 Ensis
243 1175 312 1244 erat,
326 1172 468 1249 Tyrioque
481 1172 597 1230 ardebat
609 1172 716 1231 murice
728 1172 809 1244 laena,

142 1249 274 1308 Demissa
287 1271 320 1309 ex
333 1251 474 1324 humeris;
494 1252 572 1310 dives
586 1271 649 1328 quae
662 1272 780 1310 munera
792 1251 869 1311 Dido

143 1328 271 1402 Fecerat,
284 1336 314 1389 et
327 1331 407 1390 tenui
420 1332 491 1390 telas
506 1332 675 1390 discreverat
689 1351 766 1390 auro.

144 1407 286 1468 Continuo
299 1411 425 1470 invadit:
447 1416 463 1442 “
472 1411 518 1469 Tu
530 1431 606 1469 nunc
620 1410 802 1489 Carthaginis
815 1411 882 1470 altoe

142 1487 341 1550 Fundamenta
352 1492 436 1563 locas,
448 1491 651 1568 pulchramque
664 1491 778 1549 uxorius
791 1492 892 1550 urbem

142 1567 300 1630 Exstruis?
319 1572 377 1629 heu
388 1571 471 1648 regni
482 1590 632 1647 rerumque
644 1570 732 1629 oblite
744 1571 880 1630 tuarum!

142 1646 210 1724 Ipse
223 1649 307 1708 deum
319 1651 374 1709 tibi
387 1671 433 1708 me
446 1651 520 1709 claro
534 1649 662 1709 demittit
676 1650 803 1728 Olympo

142 1726 299 1805 Regnator,
313 1731 415 1788 coelum
428 1733 458 1789 et
470 1733 560 1789 terres
574 1729 623 1806 qui
635 1729 752 1788 numine
764 1733 897 1806 torquet3

142 1806 208 1884 Ipse
221 1808 283 1868 haec
295 1810 367 1868 ferre
376 1811 459 1888 jubet
473 1811 573 1868 celeres
587 1808 722 1868 mandata
733 1829 784 1886 per
797 1829 895 1868 auras:

142 1886 217 1959 Quid
230 1889 341 1949 struis?
361 1892 411 1948 aut
425 1910 480 1966 qua
493 1910 542 1966 spe
554 1889 670 1966 Libycis
682 1889 752 1948 teris
766 1889 825 1948 otia
837 1889 945 1948 terris?

142 1966 173 2024 Si
185 1971 216 2026 te
229 1970 307 2027 nulla
319 1974 415 2028 movet
428 1972 575 2028 tantarum
587 1969 677 2047 gloria
689 1988 792 2040 rerum,

141 2046 205 2105 Nec
218 2068 301 2126 super
313 2049 373 2126 ipse
385 2052 437 2108 tua
449 2049 557 2107 moliris
569 2048 652 2107 leude
664 2047 797 2119 laborem,

142 2128 296 2186 Ascanium
309 2133 481 2206 surgentem,
495 2132 525 2186 et
538 2149 600 2205 spes
613 2127 724 2186 heredis
737 2126 794 2184 Iuli

141 2204 278 2283 Respice;
299 2208 344 2266 cui
357 2228 477 2286 regnum
491 2208 586 2266 Italiae
599 2207 783 2283 Romanaque
796 2207 882 2265 tellus

141 2285 319 2345 Debentur.”
362 2288 424 2345 'lali
438 2288 583 2365 Cyllenius
596 2307 644 2346 ore
656 2287 768 2346 loeutus

142 2365 277 2425 Mortales
290 2367 366 2425 visus
379 2368 472 2426 medio
486 2387 613 2426 sermone
625 2366 748 2443 reliquit,

142 2444 184 2502 Et
197 2447 295 2522 procul
307 2447 338 2504 in
350 2451 467 2506 tenuem
480 2467 514 2504 ex
527 2447 614 2505 oculis
628 2446 742 2504 evanuit
756 2464 861 2503 auram.

181 2526 223 2582 At
236 2547 302 2585 vero
316 2527 420 2585 AEneas
434 2530 550 2603 aspectu
562 2526 707 2585 obmutuit
721 2545 825 2595 amens,

141 2603 322 2682 Arrectaeque
334 2608 449 2665 horrore
462 2627 558 2679 comae,
572 2609 602 2668 et
615 2627 670 2664 vox
682 2605 809 2663 faucibus
822 2603 914 2662 haesit.

140 2684 232 2743 Ardet
246 2687 321 2745 abire
334 2687 411 2764 fuga,
424 2687 573 2763 dulcesque
585 2685 741 2762 relinquere
753 2689 852 2755 terras,

141 2764 293 2823 Attonitus
306 2770 389 2825 tanto
402 2767 516 2825 monitu
527 2765 699 2843 imperioque
712 2765 837 2822 deorum.

141 2842 218 2916 Heu,
232 2846 301 2922 quid
313 2845 406 2924 agat?
427 2866 482 2922 quo
495 2866 571 2904 nunc
584 2845 711 2922 reginam
725 2843 831 2903 ambire
844 2843 988 2900 furentem

141 2923 254 2982 Audeat
268 2926 379 2985 affatu?
400 2945 464 3003 quae
476 2927 567 3003 prima
580 2924 693 2984 exordia
705 2922 823 2982 sumat?

143 3001 253 3080 [Atque
266 3005 392 3063 animum
405 3026 481 3064 nunc
493 3006 550 3064 huc
563 3005 688 3076 celerem,
702 3024 778 3062 nunc
791 3002 894 3060 dividit
907 3002 984 3074 illuc,

140 3080 178 3139 In
191 3087 340 3161 partesque
352 3086 427 3162 rapit
440 3086 539 3157 variae,
551 3105 655 3162 perque
669 3082 764 3141 omnia
776 3081 893 3158 versat]
1010 3159 1013 3163 ,

140 3161 214 3221 Haec
227 3164 381 3223 alternanti
392 3165 486 3242 potior
499 3164 641 3224 sententia
652 3163 713 3221 visa
726 3167 785 3221 est:

140 3241 294 3302 Mnesthea
306 3245 525 3322 Sergestumque
537 3248 629 3314 vocat,
642 3244 801 3319 fortemque
815 3241 976 3300 Serestum:

141 3320 266 3381 Classem
280 3326 380 3401 aptent
393 3324 483 3396 taciti,
498 3325 641 3401 sociosque
655 3323 690 3381 ad
703 3323 789 3380 litora
802 3324 907 3398 cogant
917 3346 939 3397 ;¹

139 3401 229 3461 Arma
241 3406 350 3480 parent,
364 3407 402 3476 et,
417 3423 480 3480 quae
493 3404 532 3462 sit
544 3405 627 3462 rebus
641 3423 724 3461 causa
737 3401 883 3471 novandis,

139 3479 344 3542 Dissimulcnt:
366 3504 425 3542 sese
437 3483 554 3554 interea,
568 3482 679 3559 quando
693 3482 802 3559 optima
814 3480 892 3538 Dido

138 3559 265 3634 Nesciat,
280 3566 310 3622 et
323 3567 420 3622 tantos
433 3564 528 3640 rumpi
540 3583 598 3620 non
612 3564 705 3640 speret
718 3581 835 3631 amores,

139 3639 330 3702 Tentaturum
343 3644 446 3714 aditus,
459 3647 489 3702 et
503 3662 567 3719 quae
579 3642 745 3700 mollissima
757 3640 836 3698 fandi

138 3719 286 3798 Tempora,
301 3724 363 3800 quis
376 3725 460 3782 rebus
473 3723 571 3781 dexter
584 3722 694 3780 modus.
736 3720 823 3779 Ocius
837 3738 935 3778 omnes

139 3798 264 3877 Imperio
277 3804 336 3861 laeti
349 3807 459 3880 parent,
473 3823 505 3861 ac
515 3803 595 3882 jussa
607 3802 759 3860 facessunt.

173 3881 217 3940 At
229 3882 330 3962 regina
343 3884 423 3944 dolos
439 3883 516 3962 (quis
527 3882 624 3941 tallere
633 3880 726 3957 possit
737 3881 882 3937 amantem
891 3877 920 3954 i)

128 3959 301 4042 Praesensit,
314 3969 475 4046 motusque
488 3962 603 4042 excepit
612 3959 846 4040 quaerulosos,
