2446 4260
200 212 238 270 18
504 228 531 268 1.
545 224 686 268 neuun
699 224 841 267 morus

201 367 322 447 Thyrsis
336 389 410 440 oves,
425 367 559 447 Corydon
572 367 712 427 distentas
724 368 799 426 lacte
813 365 941 445 capellos,

201 449 297 508 Ambo
311 449 443 508 florentes
456 449 598 520 aetetihus,
611 449 736 507 Arcades
750 447 842 518 ambo,

203 529 247 587 Et
260 531 374 588 contere
387 549 476 606 peres,
490 532 520 587 et
533 529 700 606 respondere
713 528 815 606 parati.

204 609 274 667 Huc
286 608 367 680 mihi,
380 608 449 666 dum
462 612 574 667 teneras
588 608 707 666 delendo
721 628 739 665 6
751 607 856 684 frigore
869 609 990 684 myrtos,
1006 663 1009 668 .

204 688 258 746 Vir
270 687 365 767 gregis
378 687 439 765 ipse
452 709 534 766 ceper
548 688 740 747 deerraverat:
761 691 847 764 etque
860 706 914 764 ego
928 683 1067 761 Daphnin

204 768 329 845 Aspicio.
371 766 425 826 Ille
437 768 488 826 ubi
500 788 546 826 me
560 769 660 827 contre
671 767 767 826 videt:
789 772 805 798 “
816 766 931 837 Ocius‚’'
945 765 1050 843 inquit,

206 848 301 906 “Huc
315 847 390 919 edes,
403 869 421 906 o
435 847 585 907 Mehboee:
607 866 689 925 caper
702 847 757 905 tibi
770 847 865 904 salvus
878 848 908 904 et
921 845 1013 918 haedi3

205 927 248 985 Et
262 928 287 985 si
300 928 369 1005 quid
382 947 489 986 cessare
502 931 592 1005 potes,
606 927 747 1004 requiesce
761 927 814 984 sub
827 926 937 984 umbra.

204 1008 274 1065 Huc
288 1007 341 1084 ipsi
355 1010 457 1083 potum
469 1007 585 1066 venient
597 1027 648 1085 per
660 1009 743 1084 preto
751 1006 883 1084 juvenci3

207 1087 266 1145 Hic
279 1087 383 1145 virides
397 1090 495 1146 1611616
507 1087 640 1165 praetexit
653 1087 790 1144 enmdine
802 1087 878 1163 ripas

206 1166 342 1238 Mincius,
354 1187 424 1243 eque
438 1187 516 1225 secra
528 1169 661 1225 resonant
675 1166 804 1224 examine
817 1164 951 1243 quercu.”

208 1246 285 1319 Quid
297 1245 442 1305 facerem?
462 1266 553 1323 neque
566 1266 620 1323 ego
633 1247 782 1323 Alcippen,
796 1265 848 1304 nec
857 1244 993 1323 Phyllide
1000 1243 1156 1315 habebam,

208 1326 349 1403 Depulsos
363 1326 467 1384 616616
482 1326 559 1384 domi
572 1346 634 1402 quae
649 1326 791 1384 clauderet
804 1346 910 1404 agnos3

207 1406 250 1463 Et
264 1408 408 1464 certamen
420 1408 482 1464 eret
496 1405 629 1484 Corydon
643 1426 709 1464 cum
721 1405 863 1482 Thyrside
876 1424 1022 1482 magnum.

208 1486 369 1543 Posthabui
381 1488 479 1544 tamen
491 1485 607 1543 illorum
620 1505 684 1543 mee
697 1486 769 1544 seria
781 1486 859 1544 ludo.

208 1565 338 1623 Alternis
351 1565 441 1642 igitur
455 1566 624 1624 contendere
637 1566 764 1625 versibus
778 1566 862 1624 umbo

209 1644 343 1722 Coepere3
361 1646 485 1703 alternos
498 1645 592 1703 Musae
605 1646 767 1704 meminisse
780 1646 924 1704 volebant.

208 1724 274 1782 Hos
289 1723 431 1802 Corydon,
444 1725 507 1782 illos
520 1725 658 1784 referebat
671 1725 702 1782 in
714 1726 812 1784 ordine
826 1725 955 1804 Thyrsis.

250 1803 324 1863 Con.
338 1805 370 1860 N
370 1804 493 1882 ymphae,
500 1807 598 1863 noster
603 1825 690 1876 emor,
697 1804 887 1877 Libethrides,
896 1808 946 1864 aut
952 1803 1024 1863 mihi
1031 1823 1158 1876 carmen,

211 1884 301 1956 Quale
314 1904 378 1942 meo
393 1884 495 1956 Codrn,
509 1884 671 1956 conceditc3
691 1886 820 1962 proxime
833 1885 937 1944 Phoebi

211 1963 347 2022 Versibus
360 1963 408 2022 ille
421 1964 507 2036 facit3
527 1967 578 2022 6111
592 1965 615 2022 si
628 1985 687 2022 non
699 1985 849 2042 possumus
864 1985 971 2036 omnes,

211 2043 271 2101 Hic
285 2047 388 2121 argute
400 2064 480 2102 secra
491 2044 627 2120 pendebit
640 2045 737 2103 fistula
749 2045 827 2123 pinu.

252 2123 333 2181 Tur.
354 2123 496 2195 Pastores,
509 2123 613 2182 hedera
626 2128 799 2183 crescentem
812 2127 910 2183 ornate
923 2127 1047 2202 poetam,

212 2202 346 2274 Arcades,
359 2203 467 2261 invidia
479 2208 648 2280 rumpentur
660 2206 695 2262 ut
708 2204 757 2262 1116
770 2205 882 2275 Codr0;

213 2284 275 2340 Aut
289 2282 314 2340 si
326 2283 403 2340 ultra
415 2283 553 2359 placitum
566 2284 697 2354 laudarit,
711 2285 826 2343 baccare
839 2286 964 2342 frontem

213 2361 337 2439 Cingite,
351 2382 387 2420 ne
400 2363 461 2420 vati
474 2365 574 2421 noceat
588 2363 663 2421 mela
674 2364 773 2441 lingua
785 2365 892 2422 futuro

254 2441 328 2501 Cor.
350 2441 450 2500 Saetosi
464 2447 551 2519 caput
564 2443 618 2501 hoc
632 2443 693 2520 apri
705 2444 768 2515 tibi,
782 2443 873 2517 Delia,
888 2464 991 2522 parvus

214 2522 257 2580 Et
270 2541 382 2580 rumoso
394 2522 494 2581 Micon
506 2523 611 2581 vivacis
625 2543 730 2581 cornua
743 2525 827 2582 cervi.

214 2601 246 2659 Si
258 2601 405 2679 proprium
417 2601 472 2660 hoc
484 2602 580 2674 fuerit,
593 2603 650 2661 levi
663 2604 698 2662 de
711 2624 850 2662 marmore
863 2606 928 2662 tota

215 2682 340 2740 Puniceo
354 2681 442 2740 stabis
456 2702 535 2740 suras
548 2683 660 2741 evincta
673 2683 822 2741 cothurno.

255 2761 336 2819 Tur.
358 2761 457 2819 Sinum
470 2762 553 2820 lactis
567 2765 597 2820 et
610 2763 671 2820 haec
684 2766 714 2820 te
727 2763 793 2834 libe,
807 2762 918 2839 Priape,
932 2762 1085 2840 quotannis

216 2841 389 2918 Exspectare
403 2844 447 2899 set
461 2844 522 2913 est;
542 2846 638 2900 custos
652 2863 682 2900 es
695 2843 825 2920 pauperis
839 2843 926 2900 horti.

216 2922 304 2979 Nunc
316 2924 347 2979 te
360 2941 549 2979 marmoreum
563 2942 614 2998 pro
627 2925 755 2999 tempore
768 2922 884 2980 fecimus
897 2947 904 2994 ;
924 2925 955 2980 61
968 2925 1011 2994 111,

218 3000 248 3057 Si
260 3001 354 3059 fetura
367 3021 484 3078 gregem
497 3001 679 3078 suppleverit,
694 3022 793 3060 aureus
807 3005 878 3060 esto.

256 3078 331 3139 Con.
351 3081 459 3138 Nerine
473 3080 600 3152 Galatea,
612 3082 716 3159 thymo
729 3082 800 3139 mihi
815 3081 922 3141 dulcior
935 3081 1051 3160 Hyblae,

217 3159 371 3219 Candidior
384 3160 488 3238 cycnis,
501 3160 606 3219 hedera
617 3161 767 3220 formosior
780 3161 852 3231 albe,

217 3240 314 3312 Quum
327 3240 450 3317 primum
464 3241 541 3317 pasti
555 3244 686 3318 repetent
699 3241 835 3318 praesepia
847 3240 933 3312 tauri,

217 3320 249 3378 Si
263 3340 319 3396 qua
331 3319 376 3377 tui
390 3318 548 3397 Corydonis
561 3320 649 3379 hebet
661 3324 692 3380 te
706 3341 780 3392 cura,
794 3320 901 3378 venite.

258 3400 338 3458 Tur.
360 3399 455 3457 Immo
469 3420 522 3477 ego
536 3400 649 3459 Sardois
663 3401 759 3460 videar
771 3400 827 3459 tibi
840 3400 962 3458 amarior
974 3398 1080 3468 herbis,

218 3479 371 3538 Horridior
384 3499 474 3550 rusco,
488 3479 614 3557 projecta
627 3480 709 3539 vilior
723 3481 795 3557 alge,

218 3559 250 3616 Si
262 3559 334 3616 mihi
346 3579 405 3617 non
417 3559 478 3617 haec
491 3560 541 3616 lux
553 3563 618 3618 toto
627 3560 688 3637 jam
701 3559 813 3637 longior
826 3580 901 3618 enno
914 3561 967 3617 est.

219 3638 266 3697 Ite
280 3640 398 3697 domum
411 3639 495 3715 pesti,
509 3639 533 3696 si
547 3640 609 3715 quis
622 3641 722 3716 pudor,
736 3640 777 3698 ite
786 3639 911 3717 juvenci.

259 3717 333 3778 Con.
356 3719 485 3777 Muscosi
497 3718 599 3790 fontes
613 3722 643 3777 et
657 3740 756 3778 somno
769 3719 881 3778 mollior
893 3719 990 3791 herba,

220 3798 263 3856 Et
277 3818 339 3874 quse
351 3820 402 3857 vos
415 3819 479 3857 1616
490 3798 588 3856 viridis
602 3799 678 3877 tegit
691 3801 809 3857 arbutus
823 3799 932 3870 umbra,

219 3877 382 3936 solstitium
394 3879 489 3956 pecori
502 3878 660 3950 defendite3
675 3879 738 3956 jem
750 3879 830 3936 venit
843 3882 926 3936 aestas

220 3957 347 4031 Torride,
356 3958 418 4036 jem
431 3959 498 4018 laeto
511 3962 631 4037 turgent
643 3959 675 4017 in
687 3958 805 4036 palmite
817 3977 947 4036 gemmae.
