2446 4260
457 127 598 171 mmor
612 127 674 169 LIB.
690 128 726 169 11.

137 270 195 330 Ilt
210 271 296 330 salsae
310 271 416 348 fruges,
429 274 460 329 et
473 270 579 330 circum
591 273 721 348 tempora
732 270 826 329 vitta.

136 351 267 429 Eripui,
281 351 382 422 fateor,
395 351 454 409 leto
467 370 521 423 me,
535 355 564 409 et
577 351 691 409 vincula
703 350 784 428 rupi;

139 430 329 508 limosoque
342 431 407 488 lacu
419 450 468 508 per
480 433 595 489 noctem
609 431 743 489 obscurus
757 430 787 487 in
801 431 868 487 ulva

141 511 269 570 Delitui
282 512 353 569 dum
366 510 429 568 vela
441 510 550 582 darent,
564 510 588 568 si
601 511 675 568 forte
688 510 840 568 dedissent.

143 591 219 649 Nee
232 590 307 649 mihi
315 591 378 669 jam
391 591 513 667 patriam
526 590 674 667 antiquam
688 610 750 666 spes
763 589 822 647 ulla
833 588 956 661 videndi,

147 671 219 729 Nec
233 670 330 729 dulces
343 673 426 729 natos
440 674 662 747 exoptatumque
675 672 838 747 parentem3

153 751 234 822 Quos
247 750 291 808 illi
303 750 362 809 fors
375 750 412 807 ad
423 770 521 827 poenas
534 751 571 809 ob
584 753 683 808 nostra
695 751 843 826 reposcent

153 830 284 906 Effirgia,
297 833 327 888 et
340 830 453 907 culpam
465 830 540 888 hanc
552 830 720 888 miserorum
733 832 826 886 morte
838 827 967 905 piabunt.

155 910 241 981 Quod
254 912 286 968 te
298 929 349 987 per
361 929 477 986 superos
490 912 520 971 et
533 909 644 968 conscia
656 908 774 966 numina
787 909 854 979 veri,

158 989 223 1060 Per,
237 989 263 1047 si
276 1009 332 1066 qna
345 992 398 1060 est,
413 1009 475 1066 quae
486 992 576 1048 restet
589 989 681 1047 adhuc
694 988 862 1047 mortalibus
875 1007 994 1066 usquam

158 1069 336 1128 Intemerata
348 1068 427 1140 fides,
440 1088 499 1140 oro,
512 1068 642 1127 miserere
655 1068 783 1126 laborum

159 1148 335 1221 Tantornm3
354 1148 486 1206 miserere
499 1148 587 1206 animi
599 1168 657 1206 non
671 1148 758 1226 digna
769 1147 905 1206 serentis’

198 1228 283 1286 “His
295 1228 419 1286 lacrimis
432 1228 523 1286 vitam
536 1228 645 1299 damus,
658 1232 688 1286 et
701 1227 906 1286 miserescimus
920 1228 1005 1285 ultro.

162 1308 227 1384 Ipse
239 1308 301 1366 viro
315 1308 423 1384 primus
436 1307 560 1366 manicas
574 1310 660 1385 atque
673 1312 752 1365 arcta
763 1307 851 1365 levari

161 1387 263 1446 Vincla
271 1387 355 1465 jubet
368 1387 508 1460 Priamus,
522 1387 662 1464 dictisque
674 1387 717 1445 ita
729 1387 807 1446 satur
820 1387 932 1445 amicis:

162 1467 311 1544 ‘Quisquis
324 1487 362 1540 es,
376 1467 492 1526 amissos
505 1467 644 1545 hincjam
657 1467 819 1525 obliviscere
833 1466 950 1525 Graios:

161 1547 270 1606 Noster
282 1547 355 1619 eris;
374 1547 501 1624 mihique
513 1547 573 1605 haec
587 1547 708 1605 edissere
720 1567 788 1605 vera
800 1546 923 1624 roganti.

162 1627 223 1698 Quo
236 1626 343 1685 molem
355 1626 429 1685 hanc
442 1626 574 1685 immanis
588 1627 653 1704 equi
666 1625 815 1685 statuere?
829 1626 893 1704 quis
906 1623 1028 1684 auctor?

163 1706 272 1777 Quidve
285 1704 413 1783 petith
434 1726 496 1782 quae
508 1705 632 1784 religio?
653 1710 704 1764 aut
718 1726 780 1783 quae
793 1706 928 1764 machina
939 1706 1007 1765 belli
1018 1705 1044 1765 l’

162 1784 290 1844 Dixerat.
330 1786 385 1844 Ille
398 1786 470 1845 dolis
482 1786 640 1844 instructus
654 1789 684 1844 et
697 1789 758 1844 arte
772 1786 900 1864 Pelasga,

164 1865 286 1924 Sustulit
300 1869 400 1925 exutas
412 1865 513 1924 vinclis
527 1867 563 1924 ad
576 1866 668 1924 sidera
679 1865 806 1943 palmas:

164 1944 237 2004 ‘Vos
252 1945 352 2004 aterni
363 1945 453 2023 ignes,
467 1949 497 2005 et
509 1965 568 2004 non
580 1945 711 2005 violabile
724 1950 853 2004 vestrum

164 2023 264 2084 Testor
276 2026 402 2097 numen‚'
418 2025 476 2097 ait;
497 2030 563 2084 ‘vos
577 2046 631 2084 ara
644 2045 779 2103 ensesque
792 2025 914 2096 nefandi,

166 2103 239 2175 Quos
253 2104 324 2182 fugi,
337 2105 474 2183 vittaeque
487 2105 581 2176 deum,
595 2125 664 2183 quas
676 2104 773 2164 hostia
784 2104 875 2183 gessi:

165 2182 217 2242 Fas
230 2184 306 2242 mihi
318 2184 471 2243 Graiorum
484 2187 594 2244 sacrata
606 2185 744 2243 resolvere
753 2185 827 2263 jura,

165 2260 215 2322 Fas
230 2264 324 2323 odisse
336 2265 420 2336 viros,
433 2268 519 2341 atque
531 2264 628 2323 omnia
639 2265 712 2323 serre
725 2264 777 2322 sub
790 2285 880 2334 auras,

164 2340 187 2401 si
201 2364 261 2422 qua
273 2347 396 2422 tegimt:
416 2348 516 2403 teneor
528 2345 628 2422 patria
641 2364 693 2402 nec
706 2344 817 2422 legibus
830 2344 904 2402 ullis.

162 2419 201 2482 Tu
215 2423 306 2483 modo
318 2423 463 2501 promissis
475 2444 597 2496 maneas,
611 2427 776 2501 servataque
790 2444 882 2482 serves

161 2498 247 2582 Troja
259 2503 355 2576 fidem,
369 2503 394 2561 si
406 2523 473 2563 vera
485 2505 582 2576 seram,
596 2504 621 2562 si
633 2524 738 2582 magna
749 2504 910 2580 rependam.

193 2588 232 2615 ‘⁴‘
244 2583 348 2641 Omnis
361 2603 423 2660 spes
437 2583 570 2642 Danaum
584 2586 614 2643 et
627 2583 715 2661 coepti
727 2583 830 2642 fiducia
843 2582 909 2641 belli

150 2655 286 2723 Palladis
300 2663 411 2722 auxiliis
424 2684 534 2741 semper
546 2663 638 2722 stetit.
679 2663 790 2739 Impius
804 2683 838 2721 ex
852 2683 907 2740 quo

148 2736 287 2824 Tydides
300 2742 350 2800 sed
363 2742 447 2816 enim,
460 2742 651 2821 scelerumque
663 2742 795 2801 inventor
808 2742 915 2814 Ulixes,

140 2815 262 2882 Fatale
276 2823 403 2900 aggressi
415 2827 525 2883 sacrato
538 2823 655 2882 avellere
668 2822 776 2899 templo

143 2895 335 2974 Palladium,
349 2901 426 2962 caesis
440 2922 557 2961 summae
571 2901 737 2961 custodibus
751 2902 831 2974 arcis,

136 2979 329 3059 Corripuere
341 3002 450 3040 sacram
462 2982 592 3060 effigiem,
606 2982 791 3059 manibusque
804 2982 928 3040 cruentis

132 3052 313 3139 Virgineas
327 3061 387 3120 ausi
400 3062 471 3121 divae
485 3062 649 3139 contingere
661 3062 768 3134 vittas5

132 3133 202 3201 Ex
216 3140 271 3199 illo
284 3141 369 3201 fluere
382 3161 415 3200 ac
427 3144 504 3201 retro
518 3142 648 3219 sublapsa
660 3141 757 3200 referri

133 3216 232 3300 Spes
246 3221 388 3293 Danaum,
401 3221 499 3280 fractae
511 3222 593 3292 vires,
607 3241 705 3280 aversa
718 3220 777 3279 deae
790 3241 881 3280 mens.

133 3293 224 3360 Nec
239 3299 333 3358 dubiis
346 3321 379 3358 ea
391 3300 474 3379 signa
486 3301 565 3360 dedit
578 3301 709 3359 Tritonia
721 3301 866 3359 monstris.

133 3373 217 3439 Vix
232 3379 359 3456 positum
372 3381 471 3439 castris
485 3381 683 3439 simulacrum:
704 3400 795 3440 arsere
808 3401 929 3439 corusca

139 3453 335 3518 Isuminibus
348 3459 468 3519 flammae
482 3460 607 3533 arrectis,
621 3461 765 3538 salsusque
777 3481 827 3538 pcr
840 3464 919 3519 artus

140 3536 256 3597 Sudor
268 3537 320 3612 iit;
339 3541 439 3618 terque
451 3540 513 3617 ipsa
525 3542 595 3613 solo,
608 3540 736 3598 mirabile
749 3540 837 3612 dictu,

141 3613 301 3689 Emicuit,
315 3639 497 3697 parmamque
509 3621 601 3679 serens
613 3619 782 3698 hastamque
794 3621 974 3678 trementem.

145 3693 319 3775 Extemplo
331 3699 471 3758 tentanda
482 3699 552 3778 fuga
565 3700 642 3759 cauit
655 3720 767 3778 aequora
780 3698 915 3769 Calchas3

149 3773 227 3834 Nec
239 3796 320 3854 posse
333 3778 475 3856 Argolicis
488 3779 614 3840 exscindi
626 3779 767 3857 Pergama
778 3776 853 3848 telis,

155 3854 270 3916 Omina
280 3857 312 3916 ni
323 3861 455 3936 repetant
468 3859 564 3938 Argis,
577 3878 738 3937 numenque
750 3856 895 3930 reducant,
