<?xml version="1.0" encoding="UTF-8"?>
<!DOCTYPE html PUBLIC "-//W3C//DTD XHTML 1.0 Transitional//EN"
    "http://www.w3.org/TR/xhtml1/DTD/xhtml1-transitional.dtd">
<html xmlns="http://www.w3.org/1999/xhtml" xml:lang="en" lang="en">
 <head>
  <title>
</title>
<meta http-equiv="Content-Type" content="text/html;charset=utf-8" />
  <meta name='ocr-system' content='tesseract 3.04.00' />
  <meta name='ocr-capabilities' content='ocr_page ocr_carea ocr_par ocr_line ocrx_word'/>
</head>
<body>
  <div class='ocr_page' id='page_1' title='image "./worksfromtexthe00virggoog_0126.png"; bbox 0 0 2446 4260; ppageno 0'>
   <div class='ocr_carea' id='block_1_1' title="bbox 489 224 801 270">
    <p class='ocr_par' dir='ltr' id='par_1_1' title="bbox 489 224 801 270">
     <span class='ocr_line' id='line_1_1' title="bbox 489 224 801 270; baseline 0.013 -4"><span class='ocrx_word' id='word_1_1' title='bbox 489 224 668 270; x_wconf 75' lang='lat' dir='ltr'>euouemou</span> <span class='ocrx_word' id='word_1_2' title='bbox 680 226 743 269; x_wconf 82' lang='lat' dir='ltr'>u1s.</span> <span class='ocrx_word' id='word_1_3' title='bbox 756 225 801 270; x_wconf 83' lang='lat' dir='ltr'>1v.</span> 
     </span>
    </p>
   </div>
   <div class='ocr_carea' id='block_1_2' title="bbox 153 364 1044 3869">
    <p class='ocr_par' dir='ltr' id='par_1_2' title="bbox 177 364 1020 763">
     <span class='ocr_line' id='line_1_2' title="bbox 183 364 890 460; baseline 0.006 -36"><span class='ocrx_word' id='word_1_4' title='bbox 183 364 271 424; x_wconf 86' lang='lat' dir='ltr'>Omnis</span> <span class='ocrx_word' id='word_1_5' title='bbox 284 364 316 423; x_wconf 93' lang='lat' dir='ltr'>in</span> <span class='ocrx_word' id='word_1_6' title='bbox 329 364 384 423; x_wconf 86' lang='lat' dir='ltr'>hae</span> <span class='ocrx_word' id='word_1_7' title='bbox 397 367 504 424; x_wconf 90' lang='lat' dir='ltr'>eertam</span> <span class='ocrx_word' id='word_1_8' title='bbox 515 366 594 460; x_wconf 87' lang='lat' dir='ltr'>regio</span> <span class='ocrx_word' id='word_1_9' title='bbox 602 367 674 445; x_wconf 87' lang='lat' dir='ltr'>jaeit</span> <span class='ocrx_word' id='word_1_10' title='bbox 687 371 748 428; x_wconf 88' lang='lat' dir='ltr'>arte</span> <span class='ocrx_word' id='word_1_11' title='bbox 761 370 890 428; x_wconf 88' lang='lat' dir='ltr'>salutem.</span> 
     </span>
     <span class='ocr_line' id='line_1_3' title="bbox 180 445 931 524; baseline 0.009 -22"><span class='ocrx_word' id='word_1_12' title='bbox 180 445 302 524; x_wconf 79' lang='lat' dir='ltr'>Exiguus</span> <span class='ocrx_word' id='word_1_13' title='bbox 314 445 440 522; x_wconf 89' lang='lat' dir='ltr'>primum</span> <span class='ocrx_word' id='word_1_14' title='bbox 453 448 559 524; x_wconf 86' lang='lat' dir='ltr'>atque</span> <span class='ocrx_word' id='word_1_15' title='bbox 551 467 626 524; x_wconf 88' lang='lat' dir='ltr'>rpsos</span> <span class='ocrx_word' id='word_1_16' title='bbox 640 453 802 508; x_wconf 84' lang='lat' dir='ltr'>contractus</span> <span class='ocrx_word' id='word_1_17' title='bbox 815 450 852 508; x_wconf 87' lang='lat' dir='ltr'>ad</span> <span class='ocrx_word' id='word_1_18' title='bbox 863 470 931 509; x_wconf 88' lang='lat' dir='ltr'>usus</span> 
     </span>
     <span class='ocr_line' id='line_1_4' title="bbox 178 524 899 620; baseline 0.007 -37"><span class='ocrx_word' id='word_1_19' title='bbox 178 525 301 603; x_wconf 78' lang='lat' dir='ltr'>Eligitm</span> <span class='ocrx_word' id='word_1_20' title='bbox 312 525 407 584; x_wconf 86' lang='lat' dir='ltr'>loeus:</span> <span class='ocrx_word' id='word_1_21' title='bbox 428 524 505 584; x_wconf 90' lang='lat' dir='ltr'>huno</span> <span class='ocrx_word' id='word_1_22' title='bbox 517 527 688 620; x_wconf 78' lang='lat' dir='ltr'>angustique</span> <span class='ocrx_word' id='word_1_23' title='bbox 699 529 815 589; x_wconf 85' lang='lat' dir='ltr'>imbrice</span> <span class='ocrx_word' id='word_1_24' title='bbox 828 530 899 588; x_wconf 85' lang='lat' dir='ltr'>teeti</span> 
     </span>
     <span class='ocr_line' id='line_1_5' title="bbox 177 605 1020 685; baseline 0.007 -22"><span class='ocrx_word' id='word_1_25' title='bbox 177 605 389 682; x_wconf 87' lang='lat' dir='ltr'>Parietibusque</span> <span class='ocrx_word' id='word_1_26' title='bbox 398 609 535 682; x_wconf 88' lang='lat' dir='ltr'>premunt</span> <span class='ocrx_word' id='word_1_27' title='bbox 548 607 642 679; x_wconf 87' lang='lat' dir='ltr'>arctis,</span> <span class='ocrx_word' id='word_1_28' title='bbox 655 611 685 666; x_wconf 89' lang='lat' dir='ltr'>et</span> <span class='ocrx_word' id='word_1_29' title='bbox 699 612 820 685; x_wconf 87' lang='lat' dir='ltr'>quatuor</span> <span class='ocrx_word' id='word_1_30' title='bbox 832 609 950 683; x_wconf 90' lang='lat' dir='ltr'>addunt,</span> <span class='ocrx_word' id='word_1_31' title='bbox 1011 628 1020 655; x_wconf 70' lang='grc' dir='ltr'>ι</span> 
     </span>
     <span class='ocr_line' id='line_1_6' title="bbox 177 685 807 763; baseline 0.003 -19"><span class='ocrx_word' id='word_1_32' title='bbox 177 685 303 757; x_wconf 76' lang='lat' dir='ltr'>Quatuor</span> <span class='ocrx_word' id='word_1_33' title='bbox 316 705 335 743; x_wconf 90' lang='lat' dir='ltr'>a</span> <span class='ocrx_word' id='word_1_34' title='bbox 345 685 448 757; x_wconf 85' lang='lat' dir='ltr'>ventis,</span> <span class='ocrx_word' id='word_1_35' title='bbox 462 686 576 763; x_wconf 88' lang='lat' dir='ltr'>obliqua</span> <span class='ocrx_word' id='word_1_36' title='bbox 586 687 649 745; x_wconf 88' lang='lat' dir='ltr'>luee</span> <span class='ocrx_word' id='word_1_37' title='bbox 661 689 807 747; x_wconf 85' lang='lat' dir='ltr'>fenestras</span> 
     </span>
    </p>

    <p class='ocr_par' dir='ltr' id='par_1_3' title="bbox 175 731 903 1085">
     <span class='ocr_line' id='line_1_7' title="bbox 176 731 903 844; baseline 0.006 -22"><span class='ocrx_word' id='word_1_38' title='bbox 176 764 248 823; x_wconf 81' lang='lat' dir='ltr'>&#39;ihm</span> <span class='ocrx_word' id='word_1_39' title='bbox 260 765 379 837; x_wconf 88' lang='lat' dir='ltr'>vitulus,</span> <span class='ocrx_word' id='word_1_40' title='bbox 392 731 470 823; x_wconf 81' lang='lat' dir='ltr'>binia</span> <span class='ocrx_word' id='word_1_41' title='bbox 482 785 601 824; x_wconf 78' lang='lat' dir='ltr'>oruvans</span> <span class='ocrx_word' id='word_1_42' title='bbox 610 767 672 844; x_wconf 89' lang='lat' dir='ltr'>jam</span> <span class='ocrx_word' id='word_1_43' title='bbox 685 787 790 826; x_wconf 83' lang='lat' dir='ltr'>cornua</span> <span class='ocrx_word' id='word_1_44' title='bbox 801 769 903 839; x_wconf 88' lang='lat' dir='ltr'>fronte,</span> 
     </span>
     <span class='ocr_line' id='line_1_8' title="bbox 176 844 892 925; baseline 0.006 -23"><span class='ocrx_word' id='word_1_45' title='bbox 176 845 334 917; x_wconf 78' lang='lat' dir='ltr'>Quaeritur3</span> <span class='ocrx_word' id='word_1_46' title='bbox 353 844 420 903; x_wconf 90' lang='lat' dir='ltr'>huio</span> <span class='ocrx_word' id='word_1_47' title='bbox 434 845 554 923; x_wconf 73' lang='lat' dir='ltr'>geminae</span> <span class='ocrx_word' id='word_1_48' title='bbox 566 866 647 905; x_wconf 89' lang='lat' dir='ltr'>nares</span> <span class='ocrx_word' id='word_1_49' title='bbox 661 850 691 905; x_wconf 91' lang='lat' dir='ltr'>et</span> <span class='ocrx_word' id='word_1_50' title='bbox 704 848 821 925; x_wconf 89' lang='lat' dir='ltr'>spiritus</span> <span class='ocrx_word' id='word_1_51' title='bbox 836 848 892 908; x_wconf 89' lang='lat' dir='ltr'>oris</span> 
     </span>
     <span class='ocr_line' id='line_1_9' title="bbox 175 924 888 1004; baseline 0.007 -22"><span class='ocrx_word' id='word_1_52' title='bbox 175 925 272 983; x_wconf 88' lang='lat' dir='ltr'>Multa</span> <span class='ocrx_word' id='word_1_53' title='bbox 284 924 439 983; x_wconf 72' lang='lat' dir='ltr'><strong>reluctanti</strong></span> <span class='ocrx_word' id='word_1_54' title='bbox 452 925 581 984; x_wconf 92' lang='lat' dir='ltr'>ohsuitur</span> <span class='ocrx_word' id='word_1_55' title='bbox 582 926 748 1004; x_wconf 87' lang='lat' dir='ltr'>,plagisque</span> <span class='ocrx_word' id='word_1_56' title='bbox 760 931 888 1004; x_wconf 92' lang='lat' dir='ltr'>peremto</span> 
     </span>
     <span class='ocr_line' id='line_1_10' title="bbox 176 1004 896 1085; baseline 0.007 -24"><span class='ocrx_word' id='word_1_57' title='bbox 176 1004 273 1062; x_wconf 74' lang='lat' dir='ltr'>&#39;lhmsa</span> <span class='ocrx_word' id='word_1_58' title='bbox 284 1024 336 1081; x_wconf 91' lang='lat' dir='ltr'>per</span> <span class='ocrx_word' id='word_1_59' title='bbox 347 1004 492 1082; x_wconf 86' lang='lat' dir='ltr'>integram</span> <span class='ocrx_word' id='word_1_60' title='bbox 504 1005 693 1065; x_wconf 77' lang='lat' dir='ltr'>solvamtur</span> <span class='ocrx_word' id='word_1_61' title='bbox 665 1027 773 1065; x_wconf 84' lang='lat' dir='ltr'>vrseera</span> <span class='ocrx_word' id='word_1_62' title='bbox 785 1008 896 1085; x_wconf 90' lang='lat' dir='ltr'>pellem</span> 
     </span>
    </p>

    <p class='ocr_par' dir='ltr' id='par_1_4' title="bbox 175 1083 976 1623">
     <span class='ocr_line' id='line_1_11' title="bbox 176 1083 918 1163; baseline 0.008 -23"><span class='ocrx_word' id='word_1_63' title='bbox 176 1083 219 1142; x_wconf 83' lang='lat' dir='ltr'>Sic</span> <span class='ocrx_word' id='word_1_64' title='bbox 231 1083 382 1161; x_wconf 88' lang='lat' dir='ltr'>positum</span> <span class='ocrx_word' id='word_1_65' title='bbox 373 1105 405 1141; x_wconf 91' lang='grc' dir='ltr'>ιιι</span> <span class='ocrx_word' id='word_1_66' title='bbox 418 1083 513 1143; x_wconf 83' lang='lat' dir='ltr'>clauso</span> <span class='ocrx_word' id='word_1_67' title='bbox 525 1085 668 1163; x_wconf 87' lang='lat' dir='ltr'>linquunt,</span> <span class='ocrx_word' id='word_1_68' title='bbox 682 1090 712 1145; x_wconf 91' lang='lat' dir='ltr'>et</span> <span class='ocrx_word' id='word_1_69' title='bbox 724 1106 820 1146; x_wconf 90' lang='lat' dir='ltr'>ramea</span> <span class='ocrx_word' id='word_1_70' title='bbox 832 1087 918 1146; x_wconf 83' lang='lat' dir='ltr'>costis</span> 
     </span>
     <span class='ocr_line' id='line_1_12' title="bbox 175 1163 977 1256; baseline 0.008 -35"><span class='ocrx_word' id='word_1_71' title='bbox 175 1163 336 1256; x_wconf 74' lang='lat' dir='ltr'>subjiciunt</span> <span class='ocrx_word' id='word_1_72' title='bbox 347 1163 516 1242; x_wconf 79' lang='lat' dir='ltr'>fragmenta,</span> <span class='ocrx_word' id='word_1_73' title='bbox 529 1165 674 1243; x_wconf 80' lang='lat' dir='ltr'>thymum,</span> <span class='ocrx_word' id='word_1_74' title='bbox 688 1167 829 1244; x_wconf 80' lang='lat' dir='ltr'>casiasque</span> <span class='ocrx_word' id='word_1_75' title='bbox 841 1171 977 1227; x_wconf 79' lang='lat' dir='ltr'>recentes.</span> 
     </span>
     <span class='ocr_line' id='line_1_13' title="bbox 175 1243 985 1336; baseline 0.01 -36"><span class='ocrx_word' id='word_1_76' title='bbox 175 1243 239 1303; x_wconf 89' lang='lat' dir='ltr'>Hoo</span> <span class='ocrx_word' id='word_1_77' title='bbox 252 1243 372 1336; x_wconf 76' lang='lat' dir='ltr'>geritur,</span> <span class='ocrx_word' id='word_1_78' title='bbox 385 1243 515 1321; x_wconf 86' lang='lat' dir='ltr'>zephyris</span> <span class='ocrx_word' id='word_1_79' title='bbox 527 1244 652 1322; x_wconf 86' lang='lat' dir='ltr'>primum</span> <span class='ocrx_word' id='word_1_80' title='bbox 664 1245 873 1323; x_wconf 73' lang='lat' dir='ltr'>impellentibus</span> <span class='ocrx_word' id='word_1_81' title='bbox 886 1249 985 1321; x_wconf 83' lang='lat' dir='ltr'>undas,</span> 
     </span>
     <span class='ocr_line' id='line_1_14' title="bbox 175 1322 915 1403; baseline 0.007 -22"><span class='ocrx_word' id='word_1_82' title='bbox 175 1323 252 1382; x_wconf 90' lang='lat' dir='ltr'>Ante</span> <span class='ocrx_word' id='word_1_83' title='bbox 264 1322 347 1382; x_wconf 85' lang='lat' dir='ltr'>novis</span> <span class='ocrx_word' id='word_1_84' title='bbox 359 1324 481 1382; x_wconf 87' lang='lat' dir='ltr'>rubeant</span> <span class='ocrx_word' id='word_1_85' title='bbox 494 1344 579 1401; x_wconf 86' lang='lat' dir='ltr'>quam</span> <span class='ocrx_word' id='word_1_86' title='bbox 591 1327 675 1403; x_wconf 86' lang='lat' dir='ltr'>prata</span> <span class='ocrx_word' id='word_1_87' title='bbox 686 1325 834 1398; x_wconf 84' lang='lat' dir='ltr'>coloribus,</span> <span class='ocrx_word' id='word_1_88' title='bbox 848 1331 915 1387; x_wconf 90' lang='lat' dir='ltr'>ante</span> 
     </span>
     <span class='ocr_line' id='line_1_15' title="bbox 176 1402 920 1482; baseline 0.007 -21"><span class='ocrx_word' id='word_1_89' title='bbox 176 1402 297 1461; x_wconf 70' lang='lat' dir='ltr'>(lanula</span> <span class='ocrx_word' id='word_1_90' title='bbox 309 1423 396 1480; x_wconf 88' lang='lat' dir='ltr'>quam</span> <span class='ocrx_word' id='word_1_91' title='bbox 407 1403 497 1481; x_wconf 84' lang='lat' dir='ltr'>tignis</span> <span class='ocrx_word' id='word_1_92' title='bbox 510 1404 610 1464; x_wconf 90' lang='lat' dir='ltr'>nidum</span> <span class='ocrx_word' id='word_1_93' title='bbox 623 1405 776 1482; x_wconf 88' lang='lat' dir='ltr'>suspendat</span> <span class='ocrx_word' id='word_1_94' title='bbox 789 1406 920 1466; x_wconf 89' lang='lat' dir='ltr'>hirundo.</span> 
     </span>
     <span class='ocr_line' id='line_1_16' title="bbox 175 1481 861 1559; baseline 0.006 -19"><span class='ocrx_word' id='word_1_95' title='bbox 175 1481 291 1542; x_wconf 82' lang='lat' dir='ltr'>interea</span> <span class='ocrx_word' id='word_1_96' title='bbox 302 1483 408 1542; x_wconf 86' lang='lat' dir='ltr'>teneris</span> <span class='ocrx_word' id='word_1_97' title='bbox 420 1483 600 1559; x_wconf 73' lang='lat' dir='ltr'>tepefactus</span> <span class='ocrx_word' id='word_1_98' title='bbox 591 1505 623 1542; x_wconf 91' lang='lat' dir='ltr'>m</span> <span class='ocrx_word' id='word_1_99' title='bbox 635 1485 745 1544; x_wconf 89' lang='lat' dir='ltr'>ossibus</span> <span class='ocrx_word' id='word_1_100' title='bbox 757 1485 861 1544; x_wconf 89' lang='lat' dir='ltr'>humor</span> 
     </span>
     <span class='ocr_line' id='line_1_17' title="bbox 176 1562 839 1637; baseline 0.005 -17"><span class='ocrx_word' id='word_1_101' title='bbox 176 1562 311 1635; x_wconf 80' lang='lat' dir='ltr'>AEstuat;</span> <span class='ocrx_word' id='word_1_102' title='bbox 330 1565 361 1621; x_wconf 91' lang='lat' dir='ltr'>et</span> <span class='ocrx_word' id='word_1_103' title='bbox 372 1562 489 1621; x_wconf 87' lang='lat' dir='ltr'>visenda</span> <span class='ocrx_word' id='word_1_104' title='bbox 500 1563 592 1622; x_wconf 91' lang='lat' dir='ltr'>modis</span> <span class='ocrx_word' id='word_1_105' title='bbox 606 1564 738 1623; x_wconf 77' lang='lat' dir='ltr'>mimalia</span> <span class='ocrx_word' id='word_1_106' title='bbox 751 1565 839 1637; x_wconf 90' lang='lat' dir='ltr'>miris,</span> 
     </span>
    </p>

    <p class='ocr_par' dir='ltr' id='par_1_5' title="bbox 176 1641 950 1863">
     <span class='ocr_line' id='line_1_18' title="bbox 176 1641 927 1722; baseline 0.005 -23"><span class='ocrx_word' id='word_1_107' title='bbox 176 1641 288 1700; x_wconf 74' lang='lat' dir='ltr'>&#39;lh-uma</span> <span class='ocrx_word' id='word_1_108' title='bbox 299 1641 406 1719; x_wconf 88' lang='lat' dir='ltr'>pedum</span> <span class='ocrx_word' id='word_1_109' title='bbox 417 1642 518 1720; x_wconf 87' lang='lat' dir='ltr'>primo,</span> <span class='ocrx_word' id='word_1_110' title='bbox 531 1663 599 1702; x_wconf 90' lang='lat' dir='ltr'>mox</span> <span class='ocrx_word' id='word_1_111' title='bbox 611 1646 642 1703; x_wconf 87' lang='lat' dir='ltr'>et</span> <span class='ocrx_word' id='word_1_112' title='bbox 654 1644 806 1703; x_wconf 86' lang='lat' dir='ltr'>stridentia</span> <span class='ocrx_word' id='word_1_113' title='bbox 818 1645 927 1722; x_wconf 86' lang='lat' dir='ltr'>pennis,</span> 
     </span>
     <span class='ocr_line' id='line_1_19' title="bbox 176 1721 966 1802; baseline 0.005 -22"><span class='ocrx_word' id='word_1_114' title='bbox 176 1721 337 1780; x_wconf 86' lang='lat' dir='ltr'>Miseentur</span> <span class='ocrx_word' id='word_1_115' title='bbox 338 1724 529 1799; x_wconf 89' lang='lat' dir='ltr'>,tenuemque</span> <span class='ocrx_word' id='word_1_116' title='bbox 541 1723 633 1801; x_wconf 89' lang='lat' dir='ltr'>magis</span> <span class='ocrx_word' id='word_1_117' title='bbox 646 1724 738 1801; x_wconf 88' lang='lat' dir='ltr'>magis</span> <span class='ocrx_word' id='word_1_118' title='bbox 751 1728 817 1783; x_wconf 81' lang='lat' dir='ltr'>aera</span> <span class='ocrx_word' id='word_1_119' title='bbox 830 1727 966 1802; x_wconf 89' lang='lat' dir='ltr'>oarpunt;</span> 
     </span>
     <span class='ocr_line' id='line_1_20' title="bbox 176 1801 817 1876; baseline 0.005 -18"><span class='ocrx_word' id='word_1_120' title='bbox 176 1801 284 1873; x_wconf 86' lang='lat' dir='ltr'>Donec,</span> <span class='ocrx_word' id='word_1_121' title='bbox 296 1803 332 1860; x_wconf 90' lang='lat' dir='ltr'>ut</span> <span class='ocrx_word' id='word_1_122' title='bbox 345 1801 451 1860; x_wconf 84' lang='lat' dir='ltr'>aestivis</span> <span class='ocrx_word' id='word_1_123' title='bbox 464 1803 568 1861; x_wconf 83' lang='lat' dir='ltr'>effixsus</span> <span class='ocrx_word' id='word_1_124' title='bbox 582 1803 705 1862; x_wconf 93' lang='lat' dir='ltr'>nubibus</span> <span class='ocrx_word' id='word_1_125' title='bbox 717 1804 817 1876; x_wconf 85' lang='lat' dir='ltr'>imber,</span> 
     </span>
    </p>

    <p class='ocr_par' dir='ltr' id='par_1_6' title="bbox 176 1880 803 1961">
     <span class='ocr_line' id='line_1_21' title="bbox 176 1880 803 1961; baseline 0.006 -23"><span class='ocrx_word' id='word_1_126' title='bbox 176 1880 312 1959; x_wconf 81' lang='lat' dir='ltr'>Erupere,</span> <span class='ocrx_word' id='word_1_127' title='bbox 325 1884 377 1940; x_wconf 90' lang='lat' dir='ltr'>aut</span> <span class='ocrx_word' id='word_1_128' title='bbox 389 1883 424 1940; x_wconf 92' lang='lat' dir='ltr'>ut</span> <span class='ocrx_word' id='word_1_129' title='bbox 436 1901 523 1942; x_wconf 84' lang='lat' dir='ltr'>nervo</span> <span class='ocrx_word' id='word_1_130' title='bbox 535 1882 667 1960; x_wconf 76' lang='lat' dir='ltr'>pulsante</span> <span class='ocrx_word' id='word_1_131' title='bbox 680 1884 803 1961; x_wconf 87' lang='lat' dir='ltr'>sagittae,</span> 
     </span>
    </p>

    <p class='ocr_par' dir='ltr' id='par_1_7' title="bbox 176 1959 876 2055">
     <span class='ocr_line' id='line_1_22' title="bbox 176 1959 876 2055; baseline 0.001 -36"><span class='ocrx_word' id='word_1_132' title='bbox 176 1959 274 2019; x_wconf 89' lang='lat' dir='ltr'>Prima</span> <span class='ocrx_word' id='word_1_133' title='bbox 285 1960 362 2020; x_wconf 86' lang='lat' dir='ltr'>leves</span> <span class='ocrx_word' id='word_1_134' title='bbox 374 1960 476 2020; x_wconf 89' lang='lat' dir='ltr'>ineunt</span> <span class='ocrx_word' id='word_1_135' title='bbox 489 1982 514 2020; x_wconf 79' lang='grc' dir='ltr'>ιι</span> <span class='ocrx_word' id='word_1_136' title='bbox 505 1962 641 2055; x_wconf 81' lang='lat' dir='ltr'>quando</span> <span class='ocrx_word' id='word_1_137' title='bbox 651 1963 751 2041; x_wconf 86' lang='lat' dir='ltr'>proelia</span> <span class='ocrx_word' id='word_1_138' title='bbox 764 1962 876 2021; x_wconf 77' lang='lat' dir='ltr'>Parthi.</span> 
     </span>
    </p>

    <p class='ocr_par' dir='ltr' id='par_1_8' title="bbox 175 2039 992 2280">
     <span class='ocr_line' id='line_1_23' title="bbox 214 2039 992 2133; baseline 0.001 -33"><span class='ocrx_word' id='word_1_139' title='bbox 214 2040 287 2113; x_wconf 75' lang='lat' dir='ltr'>Quis</span> <span class='ocrx_word' id='word_1_140' title='bbox 301 2039 370 2133; x_wconf 79' lang='lat' dir='ltr'>deus</span> <span class='ocrx_word' id='word_1_141' title='bbox 382 2040 465 2113; x_wconf 88' lang='lat' dir='ltr'>hano,</span> <span class='ocrx_word' id='word_1_142' title='bbox 479 2042 581 2114; x_wconf 86' lang='lat' dir='ltr'>Musae,</span> <span class='ocrx_word' id='word_1_143' title='bbox 594 2063 644 2120; x_wconf 83' lang='lat' dir='ltr'>qur</span> <span class='ocrx_word' id='word_1_144' title='bbox 635 2042 738 2101; x_wconf 87' lang='lat' dir='ltr'>&#39;nobis</span> <span class='ocrx_word' id='word_1_145' title='bbox 751 2042 864 2101; x_wconf 85' lang='lat' dir='ltr'>extudit</span> <span class='ocrx_word' id='word_1_146' title='bbox 877 2040 992 2102; x_wconf 80' lang='lat' dir='ltr'>artem?</span> 
     </span>
     <span class='ocr_line' id='line_1_24' title="bbox 175 2063 963 2201; baseline 0.005 -23"><span class='ocrx_word' id='word_1_147' title='bbox 175 2119 261 2179; x_wconf 87' lang='lat' dir='ltr'>Unde</span> <span class='ocrx_word' id='word_1_148' title='bbox 272 2139 349 2179; x_wconf 84' lang='lat' dir='ltr'>nova</span> <span class='ocrx_word' id='word_1_149' title='bbox 359 2118 503 2198; x_wconf 87' lang='lat' dir='ltr'>ingressus</span> <span class='ocrx_word' id='word_1_150' title='bbox 516 2063 665 2180; x_wconf 81' lang='lat' dir='ltr'>honiinum</span> <span class='ocrx_word' id='word_1_151' title='bbox 678 2121 850 2200; x_wconf 81' lang='lat' dir='ltr'>experientia</span> <span class='ocrx_word' id='word_1_152' title='bbox 862 2121 963 2201; x_wconf 78' lang='lat' dir='ltr'>oepit?</span> 
     </span>
     <span class='ocr_line' id='line_1_25' title="bbox 175 2199 800 2280; baseline 0.005 -22"><span class='ocrx_word' id='word_1_153' title='bbox 175 2199 280 2259; x_wconf 85' lang='lat' dir='ltr'>Pastor</span> <span class='ocrx_word' id='word_1_154' title='bbox 290 2199 431 2259; x_wconf 72' lang='lat' dir='ltr'>Aristeus</span> <span class='ocrx_word' id='word_1_155' title='bbox 442 2200 555 2278; x_wconf 80' lang='lat' dir='ltr'>fugiens</span> <span class='ocrx_word' id='word_1_156' title='bbox 567 2201 655 2260; x_wconf 74' lang='lat' dir='ltr'>Penes</span> <span class='ocrx_word' id='word_1_157' title='bbox 643 2209 673 2260; x_wconf 78' lang='grc' dir='ltr'>ιι</span> <span class='ocrx_word' id='word_1_158' title='bbox 684 2201 800 2280; x_wconf 78' lang='lat' dir='ltr'>Tempe,</span> 
     </span>
    </p>

    <p class='ocr_par' dir='ltr' id='par_1_9' title="bbox 174 2279 883 2359">
     <span class='ocr_line' id='line_1_26' title="bbox 174 2279 883 2359; baseline 0.003 -21"><span class='ocrx_word' id='word_1_159' title='bbox 174 2279 308 2352; x_wconf 88' lang='lat' dir='ltr'>Amissis,</span> <span class='ocrx_word' id='word_1_160' title='bbox 320 2281 356 2338; x_wconf 91' lang='grc' dir='ltr'>ιιι</span> <span class='ocrx_word' id='word_1_161' title='bbox 368 2280 445 2338; x_wconf 86' lang='lat' dir='ltr'>fama</span> <span class='ocrx_word' id='word_1_162' title='bbox 445 2280 566 2358; x_wconf 85' lang='lat' dir='ltr'>,apibus</span> <span class='ocrx_word' id='word_1_163' title='bbox 578 2282 732 2359; x_wconf 90' lang='lat' dir='ltr'>morboque</span> <span class='ocrx_word' id='word_1_164' title='bbox 744 2284 883 2359; x_wconf 85' lang='lat' dir='ltr'>fameque,</span> 
     </span>
    </p>

    <p class='ocr_par' dir='ltr' id='par_1_10' title="bbox 174 2323 940 2598">
     <span class='ocr_line' id='line_1_27' title="bbox 174 2323 925 2438; baseline 0.003 -20"><span class='ocrx_word' id='word_1_165' title='bbox 174 2358 282 2419; x_wconf 76' lang='lat' dir='ltr'>Tristis</span> <span class='ocrx_word' id='word_1_166' title='bbox 294 2323 332 2418; x_wconf 75' lang='lat' dir='ltr'>Ad</span> <span class='ocrx_word' id='word_1_167' title='bbox 344 2326 464 2418; x_wconf 91' lang='lat' dir='ltr'>extremi</span> <span class='ocrx_word' id='word_1_168' title='bbox 476 2380 587 2418; x_wconf 80' lang='lat' dir='ltr'>eaerum</span> <span class='ocrx_word' id='word_1_169' title='bbox 600 2364 686 2438; x_wconf 85' lang='lat' dir='ltr'>eaput</span> <span class='ocrx_word' id='word_1_170' title='bbox 698 2362 813 2420; x_wconf 81' lang='lat' dir='ltr'>adstitit</span> <span class='ocrx_word' id='word_1_171' title='bbox 826 2361 925 2432; x_wconf 90' lang='lat' dir='ltr'>amnis,</span> 
     </span>
     <span class='ocr_line' id='line_1_28' title="bbox 174 2406 958 2519; baseline -0.001 -20"><span class='ocrx_word' id='word_1_172' title='bbox 174 2437 278 2499; x_wconf 67' lang='lat' dir='ltr'>Multa</span> <span class='ocrx_word' id='word_1_173' title='bbox 289 2457 408 2517; x_wconf 85' lang='lat' dir='ltr'>querens</span> <span class='ocrx_word' id='word_1_174' title='bbox 409 2442 516 2517; x_wconf 80' lang='lat' dir='ltr'>,atque</span> <span class='ocrx_word' id='word_1_175' title='bbox 529 2440 583 2498; x_wconf 87' lang='lat' dir='ltr'>hae</span> <span class='ocrx_word' id='word_1_176' title='bbox 596 2441 699 2499; x_wconf 85' lang='lat' dir='ltr'>affatus</span> <span class='ocrx_word' id='word_1_177' title='bbox 711 2461 780 2500; x_wconf 80' lang='lat' dir='ltr'>voce</span> <span class='ocrx_word' id='word_1_178' title='bbox 792 2406 958 2519; x_wconf 75' lang='lat' dir='ltr'>parenteia:</span> 
     </span>
     <span class='ocr_line' id='line_1_29' title="bbox 174 2457 856 2612; baseline -0.001 -33"><span class='ocrx_word' id='word_1_179' title='bbox 174 2457 374 2592; x_wconf 48' lang='lat' dir='ltr'>“umqum</span> <span class='ocrx_word' id='word_1_180' title='bbox 323 2485 435 2612; x_wconf 81' lang='lat' dir='ltr'>Gyrerie</span> <span class='ocrx_word' id='word_1_181' title='bbox 445 2522 538 2578; x_wconf 87' lang='lat' dir='ltr'>mater</span> <span class='ocrx_word' id='word_1_182' title='bbox 539 2540 622 2597; x_wconf 85' lang='lat' dir='ltr'>q,uae</span> <span class='ocrx_word' id='word_1_183' title='bbox 635 2521 758 2598; x_wconf 88' lang='lat' dir='ltr'>gurgitis</span> <span class='ocrx_word' id='word_1_184' title='bbox 771 2521 856 2598; x_wconf 90' lang='lat' dir='ltr'>hujus</span> 
     </span>
    </p>

    <p class='ocr_par' dir='ltr' id='par_1_11' title="bbox 175 2563 869 2677">
     <span class='ocr_line' id='line_1_30' title="bbox 175 2563 869 2677; baseline -0.001 -18"><span class='ocrx_word' id='word_1_185' title='bbox 175 2596 246 2659; x_wconf 73' lang='lat' dir='ltr'>Ima</span> <span class='ocrx_word' id='word_1_186' title='bbox 255 2563 348 2672; x_wconf 74' lang='lat' dir='ltr'>tedes,</span> <span class='ocrx_word' id='word_1_187' title='bbox 362 2597 431 2676; x_wconf 92' lang='lat' dir='ltr'>quid</span> <span class='ocrx_word' id='word_1_188' title='bbox 443 2619 490 2658; x_wconf 92' lang='lat' dir='ltr'>me</span> <span class='ocrx_word' id='word_1_189' title='bbox 503 2599 637 2677; x_wconf 83' lang='lat' dir='ltr'>praeelara</span> <span class='ocrx_word' id='word_1_190' title='bbox 650 2600 738 2677; x_wconf 88' lang='lat' dir='ltr'>stirpe</span> <span class='ocrx_word' id='word_1_191' title='bbox 752 2600 869 2658; x_wconf 90' lang='lat' dir='ltr'>deorum</span> 
     </span>
    </p>

    <p class='ocr_par' dir='ltr' id='par_1_12' title="bbox 153 2676 1044 2836">
     <span class='ocr_line' id='line_1_31' title="bbox 174 2676 1044 2770; baseline -0.005 -31"><span class='ocrx_word' id='word_1_192' title='bbox 174 2676 210 2739; x_wconf 74' lang='lat' dir='ltr'>si</span> <span class='ocrx_word' id='word_1_193' title='bbox 220 2676 308 2737; x_wconf 85' lang='lat' dir='ltr'>modo</span> <span class='ocrx_word' id='word_1_194' title='bbox 308 2698 416 2756; x_wconf 88' lang='lat' dir='ltr'>,quem</span> <span class='ocrx_word' id='word_1_195' title='bbox 427 2678 566 2770; x_wconf 88' lang='lat' dir='ltr'>perhibes,</span> <span class='ocrx_word' id='word_1_196' title='bbox 579 2683 661 2756; x_wconf 89' lang='lat' dir='ltr'>pater</span> <span class='ocrx_word' id='word_1_197' title='bbox 674 2683 718 2738; x_wconf 87' lang='lat' dir='ltr'>est</span> <span class='ocrx_word' id='word_1_198' title='bbox 732 2680 920 2758; x_wconf 78' lang='lat' dir='ltr'>Thymbraeus</span> <span class='ocrx_word' id='word_1_199' title='bbox 933 2677 1044 2756; x_wconf 89' lang='lat' dir='ltr'>Apollo,</span> 
     </span>
     <span class='ocr_line' id='line_1_32' title="bbox 153 2723 868 2836; baseline 0.001 -19"><span class='ocrx_word' id='word_1_200' title='bbox 153 2810 156 2817; x_wconf 90' lang='lat'><em>.</em></span> <span class='ocrx_word' id='word_1_201' title='bbox 173 2723 317 2817; x_wconf 80' lang='lat' dir='ltr'>Invisum</span> <span class='ocrx_word' id='word_1_202' title='bbox 323 2757 391 2816; x_wconf 77' lang='lat' dir='ltr'>latis</span> <span class='ocrx_word' id='word_1_203' title='bbox 404 2758 555 2836; x_wconf 74' lang='lat' dir='ltr'>genuisti?</span> <span class='ocrx_word' id='word_1_204' title='bbox 575 2762 626 2816; x_wconf 90' lang='lat' dir='ltr'>aut</span> <span class='ocrx_word' id='word_1_205' title='bbox 639 2779 695 2836; x_wconf 91' lang='lat' dir='ltr'>quo</span> <span class='ocrx_word' id='word_1_206' title='bbox 708 2759 764 2817; x_wconf 90' lang='lat' dir='ltr'>tibi</span> <span class='ocrx_word' id='word_1_207' title='bbox 776 2759 868 2818; x_wconf 88' lang='lat' dir='ltr'>nostri</span> 
     </span>
    </p>

    <p class='ocr_par' dir='ltr' id='par_1_13' title="bbox 174 2834 985 3156">
     <span class='ocr_line' id='line_1_33' title="bbox 174 2834 941 2930; baseline -0.001 -33"><span class='ocrx_word' id='word_1_208' title='bbox 174 2834 285 2897; x_wconf 79' lang='lat' dir='ltr'>Pulsus</span> <span class='ocrx_word' id='word_1_209' title='bbox 297 2835 400 2897; x_wconf 76' lang='lat' dir='ltr'>amor?</span> <span class='ocrx_word' id='word_1_210' title='bbox 421 2836 489 2930; x_wconf 88' lang='lat' dir='ltr'>quid</span> <span class='ocrx_word' id='word_1_211' title='bbox 502 2858 548 2896; x_wconf 92' lang='lat' dir='ltr'>me</span> <span class='ocrx_word' id='word_1_212' title='bbox 561 2838 664 2896; x_wconf 86' lang='lat' dir='ltr'>eoelum</span> <span class='ocrx_word' id='word_1_213' title='bbox 678 2859 788 2916; x_wconf 86' lang='lat' dir='ltr'>sperare</span> <span class='ocrx_word' id='word_1_214' title='bbox 797 2835 941 2916; x_wconf 78' lang='lat' dir='ltr'>jubebas?</span> 
     </span>
     <span class='ocr_line' id='line_1_34' title="bbox 174 2916 906 2995; baseline -0.003 -18"><span class='ocrx_word' id='word_1_215' title='bbox 174 2916 230 2977; x_wconf 72' lang='lat' dir='ltr'>un</span> <span class='ocrx_word' id='word_1_216' title='bbox 240 2916 330 2977; x_wconf 77' lang='lat' dir='ltr'>etiam</span> <span class='ocrx_word' id='word_1_217' title='bbox 341 2917 439 2977; x_wconf 87' lang='lat' dir='ltr'>huno</span> <span class='ocrx_word' id='word_1_218' title='bbox 430 2937 525 2995; x_wconf 80' lang='lat' dir='ltr'>ipsum</span> <span class='ocrx_word' id='word_1_219' title='bbox 538 2917 605 2976; x_wconf 87' lang='lat' dir='ltr'>vitae</span> <span class='ocrx_word' id='word_1_220' title='bbox 618 2918 748 2976; x_wconf 88' lang='lat' dir='ltr'>mortalis</span> <span class='ocrx_word' id='word_1_221' title='bbox 761 2917 906 2990; x_wconf 90' lang='lat' dir='ltr'>honorem,</span> 
     </span>
     <span class='ocr_line' id='line_1_35' title="bbox 176 2963 985 3075; baseline -0.002 -19"><span class='ocrx_word' id='word_1_222' title='bbox 176 2994 274 3070; x_wconf 76' lang='lat' dir='ltr'>Quem</span> <span class='ocrx_word' id='word_1_223' title='bbox 285 2996 398 3056; x_wconf 90' lang='lat' dir='ltr'>mihi</span> <span class='ocrx_word' id='word_1_224' title='bbox 370 3017 420 3055; x_wconf 75' lang='grc' dir='ltr'>ιιι</span> <span class='ocrx_word' id='word_1_225' title='bbox 432 2997 548 3075; x_wconf 75' lang='lat' dir='ltr'>unguo</span> <span class='ocrx_word' id='word_1_226' title='bbox 561 3000 592 3056; x_wconf 92' lang='lat' dir='ltr'>et</span> <span class='ocrx_word' id='word_1_227' title='bbox 604 2998 745 3075; x_wconf 84' lang='lat' dir='ltr'>pecudum</span> <span class='ocrx_word' id='word_1_228' title='bbox 758 2998 887 3057; x_wconf 79' lang='lat' dir='ltr'>custodia</span> <span class='ocrx_word' id='word_1_229' title='bbox 899 2963 985 3055; x_wconf 57' lang='lat' dir='ltr'>’solers</span> 
     </span>
     <span class='ocr_line' id='line_1_36' title="bbox 177 3075 904 3156; baseline 0.001 -20"><span class='ocrx_word' id='word_1_230' title='bbox 177 3075 287 3136; x_wconf 77' lang='lat' dir='ltr'>Omnia</span> <span class='ocrx_word' id='word_1_231' title='bbox 297 3076 426 3136; x_wconf 80' lang='lat' dir='ltr'>tentanti</span> <span class='ocrx_word' id='word_1_232' title='bbox 437 3077 596 3148; x_wconf 90' lang='lat' dir='ltr'>extuderat,</span> <span class='ocrx_word' id='word_1_233' title='bbox 609 3080 640 3136; x_wconf 88' lang='lat' dir='ltr'>te</span> <span class='ocrx_word' id='word_1_234' title='bbox 653 3080 745 3135; x_wconf 88' lang='lat' dir='ltr'>matre</span> <span class='ocrx_word' id='word_1_235' title='bbox 747 3078 904 3156; x_wconf 82' lang='lat' dir='ltr'>,relinquo</span> 
     </span>
    </p>

    <p class='ocr_par' dir='ltr' id='par_1_14' title="bbox 178 3123 850 3249">
     <span class='ocr_line' id='line_1_37' title="bbox 178 3123 850 3249; baseline 0.002 -35"><span class='ocrx_word' id='word_1_236' title='bbox 178 3154 259 3228; x_wconf 77' lang='lat' dir='ltr'>eriu</span> <span class='ocrx_word' id='word_1_237' title='bbox 345 3155 396 3215; x_wconf 84' lang='lat' dir='ltr'>et</span> <span class='ocrx_word' id='word_1_238' title='bbox 386 3176 463 3249; x_wconf 70' lang='lat' dir='ltr'>rpsa</span> <span class='ocrx_word' id='word_1_239' title='bbox 461 3176 549 3214; x_wconf 86' lang='lat' dir='ltr'>manu</span> <span class='ocrx_word' id='word_1_240' title='bbox 561 3123 655 3216; x_wconf 82' lang='lat' dir='ltr'>felices</span> <span class='ocrx_word' id='word_1_241' title='bbox 669 3177 734 3216; x_wconf 91' lang='lat' dir='ltr'>erue</span> <span class='ocrx_word' id='word_1_242' title='bbox 747 3157 850 3230; x_wconf 81' lang='lat' dir='ltr'>silvas3</span> 
     </span>
    </p>

    <p class='ocr_par' dir='ltr' id='par_1_15' title="bbox 348 3203 1020 3328">
     <span class='ocr_line' id='line_1_38' title="bbox 348 3203 1020 3328; baseline 0 -35"><span class='ocrx_word' id='word_1_243' title='bbox 348 3234 531 3294; x_wconf 87' lang='lat' dir='ltr'>inimicum</span> <span class='ocrx_word' id='word_1_244' title='bbox 543 3235 649 3328; x_wconf 87' lang='lat' dir='ltr'>ignem,</span> <span class='ocrx_word' id='word_1_245' title='bbox 663 3239 749 3313; x_wconf 90' lang='lat' dir='ltr'>atque</span> <span class='ocrx_word' id='word_1_246' title='bbox 760 3203 888 3296; x_wconf 76' lang='lat' dir='ltr'>interiise</span> <span class='ocrx_word' id='word_1_247' title='bbox 901 3254 1020 3306; x_wconf 89' lang='lat' dir='ltr'>messes;</span> 
     </span>
    </p>

    <p class='ocr_par' dir='ltr' id='par_1_16' title="bbox 178 3308 925 3472">
     <span class='ocr_line' id='line_1_39' title="bbox 178 3308 925 3394; baseline 0.004 -22"><span class='ocrx_word' id='word_1_248' title='bbox 178 3308 246 3373; x_wconf 92' lang='lat' dir='ltr'>Ure</span> <span class='ocrx_word' id='word_1_249' title='bbox 254 3316 326 3387; x_wconf 83' lang='lat' dir='ltr'>sata,</span> <span class='ocrx_word' id='word_1_250' title='bbox 339 3317 370 3374; x_wconf 92' lang='lat' dir='ltr'>et</span> <span class='ocrx_word' id='word_1_251' title='bbox 376 3315 525 3373; x_wconf 87' lang='lat' dir='ltr'>validam</span> <span class='ocrx_word' id='word_1_252' title='bbox 516 3336 548 3373; x_wconf 90' lang='grc' dir='ltr'>ιιι</span> <span class='ocrx_word' id='word_1_253' title='bbox 560 3315 634 3374; x_wconf 80' lang='lat' dir='ltr'>vites</span> <span class='ocrx_word' id='word_1_254' title='bbox 647 3315 746 3374; x_wconf 91' lang='lat' dir='ltr'>molire</span> <span class='ocrx_word' id='word_1_255' title='bbox 758 3316 925 3394; x_wconf 90' lang='lat' dir='ltr'>bipennem:</span> 
     </span>
     <span class='ocr_line' id='line_1_40' title="bbox 180 3393 824 3472; baseline 0.003 -20"><span class='ocrx_word' id='word_1_256' title='bbox 180 3394 281 3452; x_wconf 83' lang='lat' dir='ltr'>Tanta</span> <span class='ocrx_word' id='word_1_257' title='bbox 291 3413 363 3454; x_wconf 84' lang='lat' dir='ltr'>meae</span> <span class='ocrx_word' id='word_1_258' title='bbox 374 3413 401 3453; x_wconf 79' lang='grc' dir='ltr'>ιι</span> <span class='ocrx_word' id='word_1_259' title='bbox 391 3393 443 3452; x_wconf 93' lang='lat' dir='ltr'>te</span> <span class='ocrx_word' id='word_1_260' title='bbox 456 3397 594 3472; x_wconf 88' lang='lat' dir='ltr'>oeperunt</span> <span class='ocrx_word' id='word_1_261' title='bbox 606 3395 692 3453; x_wconf 77' lang='lat' dir='ltr'>taedia</span> <span class='ocrx_word' id='word_1_262' title='bbox 703 3394 824 3454; x_wconf 60' lang='lat' dir='ltr'>laudisss’</span> 
     </span>
    </p>

    <p class='ocr_par' dir='ltr' id='par_1_17' title="bbox 180 3473 879 3534">
     <span class='ocr_line' id='line_1_41' title="bbox 180 3473 879 3534; baseline 0.003 -3"><span class='ocrx_word' id='word_1_263' title='bbox 180 3475 225 3531; x_wconf 91' lang='lat' dir='ltr'>At</span> <span class='ocrx_word' id='word_1_264' title='bbox 238 3475 331 3533; x_wconf 87' lang='lat' dir='ltr'>mater</span> <span class='ocrx_word' id='word_1_265' title='bbox 343 3473 470 3532; x_wconf 88' lang='lat' dir='ltr'>sonitum</span> <span class='ocrx_word' id='word_1_266' title='bbox 482 3473 610 3533; x_wconf 80' lang='lat' dir='ltr'>thalamo</span> <span class='ocrx_word' id='word_1_267' title='bbox 623 3475 676 3533; x_wconf 90' lang='lat' dir='ltr'>sub</span> <span class='ocrx_word' id='word_1_268' title='bbox 688 3473 813 3533; x_wconf 87' lang='lat' dir='ltr'>fluminis</span> <span class='ocrx_word' id='word_1_269' title='bbox 827 3474 879 3534; x_wconf 86' lang='lat' dir='ltr'>alti</span> 
     </span>
    </p>

    <p class='ocr_par' dir='ltr' id='par_1_18' title="bbox 181 3552 924 3710">
     <span class='ocr_line' id='line_1_42' title="bbox 181 3552 924 3634; baseline 0 -23"><span class='ocrx_word' id='word_1_270' title='bbox 181 3553 286 3612; x_wconf 80' lang='lat' dir='ltr'>Sensit</span> <span class='ocrx_word' id='word_1_271' title='bbox 327 3552 439 3612; x_wconf 79' lang='lat' dir='ltr'>Eam</span> <span class='ocrx_word' id='word_1_272' title='bbox 415 3573 521 3612; x_wconf 77' lang='lat' dir='ltr'>oneum</span> <span class='ocrx_word' id='word_1_273' title='bbox 536 3553 651 3613; x_wconf 83' lang='lat' dir='ltr'>Milesia</span> <span class='ocrx_word' id='word_1_274' title='bbox 661 3554 766 3614; x_wconf 84' lang='lat' dir='ltr'>vellera</span> <span class='ocrx_word' id='word_1_275' title='bbox 778 3554 924 3634; x_wconf 71' lang='lat' dir='ltr'>Nymphae</span> 
     </span>
     <span class='ocr_line' id='line_1_43' title="bbox 182 3631 787 3710; baseline 0.002 -19"><span class='ocrx_word' id='word_1_276' title='bbox 182 3631 353 3710; x_wconf 76' lang='lat' dir='ltr'>Carpebant,</span> <span class='ocrx_word' id='word_1_277' title='bbox 365 3632 448 3709; x_wconf 81' lang='lat' dir='ltr'>hyali</span> <span class='ocrx_word' id='word_1_278' title='bbox 458 3636 556 3692; x_wconf 87' lang='lat' dir='ltr'>saturo</span> <span class='ocrx_word' id='word_1_279' title='bbox 568 3632 664 3692; x_wconf 80' lang='lat' dir='ltr'>fireata</span> <span class='ocrx_word' id='word_1_280' title='bbox 676 3634 787 3706; x_wconf 84' lang='lat' dir='ltr'>colore,</span> 
     </span>
    </p>

    <p class='ocr_par' dir='ltr' id='par_1_19' title="bbox 177 3681 968 3869">
     <span class='ocr_line' id='line_1_44' title="bbox 181 3681 968 3792; baseline -0.004 -21"><span class='ocrx_word' id='word_1_281' title='bbox 181 3712 358 3791; x_wconf 80' lang='lat' dir='ltr'>Drymoque,</span> <span class='ocrx_word' id='word_1_282' title='bbox 371 3713 554 3790; x_wconf 85' lang='lat' dir='ltr'>Xanthoque,</span> <span class='ocrx_word' id='word_1_283' title='bbox 566 3713 709 3791; x_wconf 83' lang='lat' dir='ltr'>Ligeaque</span> <span class='ocrx_word' id='word_1_284' title='bbox 711 3681 968 3792; x_wconf 69' lang='lat' dir='ltr'>,Phyllodoceque</span> 
     </span>
     <span class='ocr_line' id='line_1_45' title="bbox 177 3760 872 3869; baseline -0.004 -17"><span class='ocrx_word' id='word_1_285' title='bbox 177 3792 333 3852; x_wconf 68' lang='lat' dir='ltr'>Canariam</span> <span class='ocrx_word' id='word_1_286' title='bbox 346 3793 441 3852; x_wconf 78' lang='lat' dir='ltr'>effusa</span> <span class='ocrx_word' id='word_1_287' title='bbox 453 3792 576 3851; x_wconf 88' lang='lat' dir='ltr'>nitidam</span> <span class='ocrx_word' id='word_1_288' title='bbox 588 3811 639 3869; x_wconf 91' lang='lat' dir='ltr'>per</span> <span class='ocrx_word' id='word_1_289' title='bbox 652 3760 772 3852; x_wconf 86' lang='lat' dir='ltr'>eandida</span> <span class='ocrx_word' id='word_1_290' title='bbox 784 3791 872 3861; x_wconf 90' lang='lat' dir='ltr'>oolla;</span> 
     </span>
    </p>
   </div>
   <div class='ocr_carea' id='block_1_3' title="bbox 177 3869 880 4032">
    <p class='ocr_par' dir='ltr' id='par_1_20' title="bbox 177 3869 876 4032">
     <span class='ocr_line' id='line_1_46' title="bbox 226 3869 876 3962; baseline -0.008 -30"><span class='ocrx_word' id='word_1_291' title='bbox 226 3892 300 3932; x_wconf 82' lang='lat' dir='ltr'>esaee</span> <span class='ocrx_word' id='word_1_292' title='bbox 314 3872 444 3951; x_wconf 83' lang='lat' dir='ltr'>Sproque,</span> <span class='ocrx_word' id='word_1_293' title='bbox 458 3872 624 3948; x_wconf 78' lang='lat' dir='ltr'>Thaliaque,</span> <span class='ocrx_word' id='word_1_294' title='bbox 639 3869 876 3962; x_wconf 53' lang='lat' dir='ltr'>Cymodocequefl</span> 
     </span>
     <span class='ocr_line' id='line_1_47' title="bbox 177 3871 880 4032; baseline -0.003 -22"><span class='ocrx_word' id='word_1_295' title='bbox 177 3871 370 4032; x_wconf 55' lang='lat' dir='ltr'>gdippeque,</span> <span class='ocrx_word' id='word_1_296' title='bbox 384 3956 414 4012; x_wconf 87' lang='lat' dir='ltr'>et</span> <span class='ocrx_word' id='word_1_297' title='bbox 426 3953 500 4012; x_wconf 87' lang='lat' dir='ltr'>flava</span> <span class='ocrx_word' id='word_1_298' title='bbox 512 3951 666 4030; x_wconf 75' lang='lat' dir='ltr'>Lycorias</span> <span class='ocrx_word' id='word_1_299' title='bbox 687 3953 776 4010; x_wconf 87' lang='lat' dir='ltr'>altera</span> <span class='ocrx_word' id='word_1_300' title='bbox 788 3950 880 4028; x_wconf 84' lang='lat' dir='ltr'>virgo,</span> 
     </span>
    </p>
   </div>
   <div class='ocr_carea' id='block_1_4' title="bbox 0 0 1228 4260">
    <p class='ocr_par' dir='ltr' id='par_1_21' title="bbox 0 0 1228 4260">
     <span class='ocr_line' id='line_1_48' title="bbox 0 0 1228 4260; baseline 0 0"><span class='ocrx_word' id='word_1_301' title='bbox 0 0 1228 4260; x_wconf 95' lang='lat' dir='ltr'> </span> 
     </span>
    </p>
   </div>
  </div>
 </body>
</html>
