2370 4260
460 117 603 162 fflsslOS
615 118 678 161 ΗΒ.
692 119 735 161 1v.

173 249 240 317 Unun
249 263 327 319 exuta
338 261 440 338 pedem
452 259 561 335 vinclis,
573 261 605 319 in
617 265 697 321 veste
708 262 842 335 recincta,

170 329 266 398 lectur
276 341 414 399 moritura
425 340 502 413 deos,
515 344 545 401 et
558 343 670 400 conscia
681 343 735 400 fati

168 409 246 492 Sidera
263 424 334 493 tum,
348 422 372 478 si
386 421 462 497 quod
474 441 532 478 non
544 441 626 498 aequo
639 422 744 481 foedere
757 426 884 482 amantes

168 489 225 556 Cure
233 521 330 560 numen
342 500 430 560 habet
438 500 606 578 justumque
619 521 790 577 memorque,
802 507 941 579 precatur.

192 575 241 637 Nor
252 585 318 653 erat,
332 583 362 639 et
374 580 518 658 placidum
531 582 683 658 carpebant
695 582 769 641 fessa
781 602 911 660 soporem

165 650 257 735 Corpore
267 681 316 739 per
327 664 427 733 terras,
441 660 574 736 silvaeque
587 664 617 719 et
631 680 706 719 saeva
718 661 849 738 quierant

163 731 273 813 dlquora;
291 761 381 818 quum
393 740 487 799 medio
499 740 655 799 volvrmtur
667 741 759 799 sidera
772 742 861 819 lapsu,

161 812 231 884 Quum
242 823 316 878 tacet
329 820 421 879 omnis
434 839 510 897 ager,
523 820 651 897 pecudes,
664 821 804 898 pictaeque
816 823 953 895 volucres,

160 891 257 976 Quaque
268 900 344 958 lacus
357 899 416 958 late
428 899 559 976 liquidos,
572 919 689 976 quaeque
702 921 800 978 aspera
812 901 905 962 dumis

159 969 220 1035 Rura
228 982 333 1052 tenent,
346 999 446 1039 somno
459 979 561 1055 positae
574 980 626 1038 sub
639 982 723 1040 nocte
737 980 848 1041 silenti:

160 1049 289 1128 [lenibant
302 1079 392 1131 curas,
406 1062 436 1119 et
450 1059 534 1118 corda
546 1058 636 1118 oblita
647 1060 799 1137 laborum]

157 1133 191 1192 At
200 1157 246 1196 nen
257 1139 354 1199 infelix
367 1139 455 1198 animi
468 1138 624 1211 Phoenissa,
638 1159 728 1216 neque
741 1161 867 1217 unquam

158 1209 258 1277 Solvitur
269 1219 298 1278 in
313 1239 436 1291 somnos,
450 1218 572 1278 oculisve
585 1222 635 1278 aut
648 1223 762 1297 pectore
774 1224 888 1280 noctem

157 1292 255 1374 Accipit.
293 1299 479 1377 Ingeminant
492 1318 584 1371 curae;
602 1320 754 1376 rursusque
766 1320 915 1380 resurgens

156 1369 225 1434 sevis
236 1399 319 1453 amor,
332 1399 492 1456 magnoque
503 1379 610 1437 irarum
622 1380 743 1438 fluctuat
756 1383 838 1440 aestu.

158 1449 195 1513 Sic
204 1458 262 1518 adeo
273 1458 391 1531 insistit,
404 1478 554 1535 secumque
566 1459 609 1517 ita
622 1459 704 1518 corde
717 1460 847 1519 volutat:

157 1535 172 1560 “
180 1535 221 1609 dn,
232 1538 296 1616 quid
309 1538 387 1616 ago?
406 1558 540 1598 rursusne
552 1559 652 1616 procos
664 1539 746 1598 irrisa
758 1540 864 1617 priores

157 1608 294 1692 Experiar?
313 1618 534 1695 Nomadumque
546 1621 644 1695 petam
658 1619 799 1678 connubia
811 1619 936 1698 supplex,

157 1690 218 1762 Quos
228 1717 277 1775 ego
290 1697 345 1756 sim
357 1698 444 1756 toties
453 1696 516 1775 jam
528 1698 683 1776 dedignata
695 1699 837 1760 maritos?

156 1766 238 1836 Iliacas
249 1777 337 1856 igitur
349 1777 450 1837 classes
463 1781 549 1854 atque
561 1778 664 1837 ultima
677 1779 819 1837 Teucrum

157 1847 179 1905 J
179 1872 227 1915 ussa
237 1856 357 1935 sequar?
378 1857 479 1934 quiane
492 1858 594 1916 auxilio
604 1857 688 1935 juvat
702 1861 769 1917 ante
781 1860 898 1930 levatos,

154 1929 208 1992 Aut
216 1937 279 1997 bene
292 1937 368 2015 apud
379 1957 518 1996 memores
526 1938 631 1997 veteris
644 1940 704 1996 stat
717 1939 811 2016 gratia
822 1939 892 1997 facti
903 1935 917 1997 Ρ
1001 1959 1007 1970 ·

156 2007 214 2081 Quis
224 2021 382 2089 meantem,
394 2017 439 2076 fac
451 2017 531 2090 velle,
544 2016 644 2077 sinet?
663 2017 808 2077 ratibusve
822 2016 948 2095 superbis

155 2083 263 2155 larisam
274 2095 417 2175 accipiet?
437 2097 536 2169 nescis,
549 2097 607 2156 heu
619 2096 747 2174 perdita!
767 2099 889 2158 necdum

155 2162 353 2236 Laomedonteae
366 2175 454 2235 sentis
467 2177 589 2255 perjuria
601 2176 720 2254 gentis?

156 2244 219 2318 Quid
228 2255 311 2316 tum?
331 2257 390 2315 sola
402 2257 472 2334 fuge
483 2259 585 2314 nautas
599 2257 756 2315 comitabor
768 2255 909 2317 ovantes?

154 2325 198 2386 All
207 2333 290 2413 Tyriis
303 2335 436 2413 omnique
448 2356 536 2394 manu
549 2337 656 2413 stipata
667 2356 796 2394 meorum

156 2397 268 2476 Inferet?
288 2419 328 2489 et,
341 2436 412 2494 quos
426 2416 541 2474 Sidonia
553 2416 601 2474 vix
614 2416 683 2474 urbe
696 2415 800 2488 revelli,

156 2478 248 2554 Rurnrs
259 2517 344 2575 agam
356 2495 465 2574 pelago,
478 2499 508 2554 et
521 2495 615 2554 ventis
628 2496 694 2554 dare
706 2496 769 2554 vela
777 2494 907 2573 jubebo?

156 2561 218 2635 (llic
228 2596 341 2648 morere,
355 2579 389 2635 ut
402 2576 505 2634 merita
517 2596 556 2649 es,
568 2577 697 2652 ferroque
710 2581 805 2634 averte
818 2575 952 2635 dolorem.

155 2637 193 2705 'Ill
201 2653 315 2715 lacrimis
328 2656 421 2715 evicta
432 2655 511 2728 meis,
524 2659 560 2714 tu
571 2655 664 2732 prima
675 2656 817 2714 fruentem

155 2715 208 2805 His,
218 2756 358 2813 germana,
370 2735 452 2793 malis
465 2755 572 2807 oneras,
586 2739 671 2812 atque
684 2735 782 2813 objicis
794 2734 881 2794 hosti.

152 2794 180 2858 N
180 2826 209 2872 011
220 2815 298 2875 licuit
310 2815 432 2875 thalami
443 2818 588 2892 expertem
601 2815 660 2873 sine
673 2815 790 2874 crimine
803 2816 894 2874 vitam

152 2872 255 2969 Degere,
268 2915 347 2954 more
359 2895 434 2967 ferae,
447 2896 518 2953 tales
531 2915 584 2954 nec
596 2898 715 2973 tangere
728 2896 824 2953 curas!

150 2952 176 3016 Ν
176 2986 209 3032 011
220 2979 330 3034 servata
342 2974 421 3046 fides,
434 2974 521 3033 cineri
533 2975 671 3053 promissa
684 2975 803 3053 Sychaeo
812 2975 840 3033 l”

150 3031 246 3114 Tantos
257 3056 308 3114 illa
319 3075 371 3113 suc
383 3055 533 3131 rumpebat
545 3058 659 3132 pectore
672 3058 797 3130 questus.

178 3130 281 3194 AEueas
294 3135 369 3193 celsa
379 3134 410 3192 iu
422 3135 520 3212 puppi,
528 3136 591 3212 jam
603 3138 697 3193 certus
710 3134 805 3207 eundi,

144 3190 277 3291 Carpebat
290 3234 414 3286 somnos,
427 3215 510 3272 rebus
518 3214 581 3293 jam
592 3215 649 3273 rite
660 3214 776 3291 paratis.

139 3267 219 3352 Huic
232 3315 261 3353 se
273 3295 366 3353 forma
378 3293 424 3352 dei
436 3294 522 3352 vultu
533 3294 677 3353 redeuntis
690 3294 791 3352 eodem

136 3349 253 3432 0btulit
265 3374 295 3432 in
309 3373 425 3444 somnis,
437 3394 589 3450 rursusque
601 3374 644 3432 ita
655 3373 718 3431 risa
728 3392 843 3432 monere
855 3375 909 3443 est,

131 3427 243 3512 Olunia
254 3453 398 3512 Mercurio
410 3453 520 3524 similis,
533 3473 686 3530 vocemque
698 3453 875 3530 coloremque

123 3503 181 3615 Εὖ
198 3534 284 3592 crines
296 3534 393 3604 flavos,
405 3536 437 3592 et
449 3534 577 3591 membra
588 3533 690 3592 decora
697 3534 843 3611 juventae:

156 3597 740 3690 Natedeapoteshccsubcesuducere
752 3609 891 3671 somnos?

113 3660 288 3829 ἔξω
299 3697 331 3752 te
343 3693 451 3752 circum
463 3696 542 3752 stent
554 3693 656 3787 uino
667 3693 800 3772 perenn
812 3687 927 3751 ernis?
