2370 4260
133 224 193 283 854
439 232 467 274 r.
479 226 776 273 mammonas

137 380 266 448 Fecerat,
279 379 310 435 et
322 374 404 434 tenui
416 373 488 433 telas
501 372 672 432 discreverat
686 392 763 433 auro.

135 460 251 517 Harum
264 476 350 514 unam
365 455 464 533 juveni
476 472 639 531 supremum
653 457 772 512 maestus
784 454 924 516 honorem

137 537 248 608 Induit,
261 555 426 612 arsurasque
440 554 533 593 comas
547 532 667 592 obnubit
680 533 806 607 amictu3

138 618 291 694 Multaque
304 619 439 692 praeterea
452 614 604 672 Laurentis
616 613 735 690 praemia
747 634 853 693 pugnae
896 617 897 621 ’

138 699 222 834 Agge
187 699 277 775 gerat,
291 698 321 753 et
334 695 419 772 longo
433 694 557 771 praedam
567 693 651 771 jubet
664 693 762 752 ordine
775 695 850 754 duci.

139 777 230 836 Adia
242 795 328 852 equos
341 777 371 832 et
384 773 452 840 tela,
467 773 568 850 quibus
582 773 752 850 spoliaverat
764 773 888 834 hostem.

141 856 277 913 Vinxerat
291 856 399 930 etpost
411 858 494 930 terga
506 872 608 910 manus
609 873 700 930 ,quos
713 853 844 914 mitteret
857 855 961 914 umbris

141 935 270 1004 Inferias,
284 953 354 991 caeso
368 953 513 1009 sparsuros
527 933 664 1010 sanguine
676 932 839 1007 flammam

142 1013 319 1089 Indutosque
327 1012 411 1090 jubet
424 1016 541 1070 trunms
554 1012 706 1071 hostilibus
719 1013 804 1072 armis

142 1092 224 1169 Ipsos
237 1092 309 1150 ferre
323 1092 416 1163 duceS,
430 1092 599 1168 inimicaque
612 1092 728 1150 nomina
741 1093 801 1171 figi.

142 1172 266 1230 Ducitur
279 1172 378 1229 infelix
392 1192 452 1230 aevo
466 1172 611 1230 confectus
624 1172 748 1244 Acoetes,

142 1251 264 1309 Pectora
275 1272 351 1310 nunc
365 1251 473 1309 foedans
487 1250 598 1329 pugnis,
612 1271 687 1309 nunc
701 1252 845 1330 unguibus
858 1272 924 1324 ora3

142 1331 294 1403 Sternitur,
308 1335 338 1390 et
350 1334 415 1389 toto
428 1331 569 1408 projeetus
583 1350 697 1408 corpore
709 1333 802 1390 terras.

142 1410 262 1468 Ducunt
276 1414 305 1469 et
319 1411 430 1469 Rutulo
443 1411 569 1488 perfusos
583 1410 719 1488 sanguine
733 1431 840 1470 canus.

143 1490 215 1549 Post
228 1490 348 1549 bellator
361 1511 457 1568 equus,
471 1490 571 1568 positis
584 1490 751 1568 insignibus,
765 1491 878 1551 AEthon

142 1569 174 1627 It
188 1570 337 1628 lacrimans
339 1571 508 1648 ,guttisque
520 1570 669 1629 humectat
682 1571 838 1648 grandibus
851 1588 908 1631 ora.

144 1649 269 1708 Hastam
283 1650 331 1708 alii
343 1650 508 1728 galeamque
520 1651 634 1723 feruut;
654 1670 721 1709 nam
735 1654 830 1710 cetera
842 1651 952 1710 Turum

143 1730 243 1788 Victor
257 1730 352 1788 habet.
392 1730 468 1788 Tum
482 1734 581 1788 maesta
593 1698 716 1807 phalanx
730 1731 887 1810 Teucrique
900 1728 1034 1808 sequuntur,

143 1809 340 1887 Tyrrhenique
353 1809 446 1882 duces,
460 1813 490 1868 et
503 1810 590 1868 versis
603 1811 727 1868 Arcades
741 1811 835 1869 armis.

143 1889 302 1967 Postquam
315 1890 406 1948 omnis
419 1891 503 1968 longe
516 1889 655 1948 comitum
667 1895 840 1968 processerat
854 1891 930 1962 ordo,

145 1970 284 2028 Substitit
297 1970 410 2041 AEneas,
423 1969 589 2048 gemituque
601 1968 662 2028 haec
675 1969 785 2028 addidit
798 1971 876 2030 alto:

145 2048 233 2108 “Nos
246 2049 315 2108 alias
328 2049 395 2107 hinc
409 2050 446 2107 ad
458 2049 587 2108 lacrimas
600 2049 698 2108 eadem
711 2049 825 2109 horrida
837 2050 905 2110 belli

144 2128 219 2186 Fata
232 2133 344 2188 vocant.
398 2129 480 2188 Salve
493 2131 632 2187 aeternum
644 2129 723 2201 mihi,
737 2130 859 2190 maxime
873 2124 957 2199 Palla,

143 2208 351 2285 AEternumque
365 2208 456 2267 vale.’'
496 2208 560 2266 Nec
573 2210 654 2285 plura
666 2210 767 2268 effatus
780 2211 815 2267 ad
829 2211 901 2270 altos

145 2288 291 2346 Tendebat
304 2308 409 2358 muros,
423 2307 607 2365 gressumque
620 2289 650 2346 in
664 2293 756 2347 castra
767 2290 885 2350 ferebat.

184 2368 307 2443 Jamque
320 2370 445 2424 oratores
458 2367 575 2425 aderant
589 2389 624 2426 ex
637 2370 705 2427 urbe
718 2369 831 2443 Iratina,

144 2446 239 2504 Velati
252 2447 337 2504 ramis
351 2447 428 2518 oleas,
442 2447 609 2524 veniamque
622 2452 772 2526 rogantes:

144 2526 276 2602 Corpora,
290 2547 340 2603 per
353 2546 466 2604 campos
479 2527 552 2585 ferro
566 2549 627 2605 quae
640 2529 702 2586 fusa
708 2529 850 2607 jacebant,

144 2605 296 2677 Redderet,
311 2627 342 2665 ac
355 2606 467 2665 tumulo
481 2607 586 2666 sineret
600 2609 745 2667 succedere
757 2613 857 2681 terrae3

144 2687 175 2744 N
177 2687 267 2746 ullum
281 2707 346 2745 cum
359 2687 443 2746 victis
457 2692 601 2746 certarnen
614 2692 644 2746 et
657 2688 760 2746 ethere
775 2690 875 2759 cassis;

144 2766 277 2825 Parceret
291 2768 450 2845 hospitibus
464 2767 608 2843 quondam
622 2768 778 2845 socerisque
792 2768 909 2827 vocatis.

144 2846 221 2918 Quos
234 2848 325 2906 bonus
338 2847 452 2917 AEneas,
467 2847 544 2904 haud
559 2847 732 2923 aspernanda
745 2852 901 2924 precantes,

144 2925 331 3003 Prosequitur
343 2927 434 2997 venia,
448 2930 478 2984 et
492 2927 584 2984 verbis
598 2926 657 2985 haee
670 2927 785 3004 insuper
799 2928 895 2985 addit:

145 3009 161 3036 “
170 3006 307 3077 Quaenam
319 3026 370 3064 vos
382 3010 466 3065 tanto
480 3007 595 3064 fortuna
607 3006 732 3083 indigna,
746 3006 853 3080 Latini,

144 3084 292 3161 Impliouit
305 3085 387 3156 bello,
401 3085 450 3161 qui
463 3107 515 3144 nos
529 3085 645 3163 fugiatis
660 3085 789 3145 amicos?

144 3163 248 3222 Pacem
261 3184 308 3222 me
321 3164 456 3222 exanimis
470 3168 500 3223 et
514 3164 619 3224 Martis
633 3168 709 3224 sorte
722 3166 857 3243 peremtis

145 3243 264 3302 Oratis?
285 3243 458 3320 equidemt
429 3265 444 3302 e
445 3245 545 3302 tvivis
559 3246 710 3303 concedere
723 3246 835 3304 vellem

143 3323 205 3380 N
175 3344 205 3380 ec
219 3324 292 3395 veni,
305 3324 349 3381 nis
350 3344 360 3379 ι
352 3323 434 3381 seta
446 3325 540 3382 locum
554 3325 704 3402 sedemque
718 3326 879 3396 dedissent,

142 3402 205 3461 Nec
219 3371 324 3461 bellrim
337 3423 402 3461 cum
415 3408 485 3481 gent
486 3426 501 3462 e
514 3425 598 3482 gero:
618 3425 667 3462 rex
680 3408 779 3463 nostra
791 3372 905 3484 reliqriit

145 3481 287 3559 llospitia,
301 3487 330 3542 et
345 3483 435 3540 Turni
448 3485 543 3560 potius
558 3505 586 3542 se
600 3485 720 3543 eredidit
734 3485 828 3543 armis

142 3561 179 3618 Α]
170 3563 264 3638 quius
277 3563 343 3622 huic
357 3563 487 3620 Turnum
500 3564 593 3622 fuerat
607 3585 636 3622 se
650 3585 789 3642 opponere
803 3565 900 3624 morti.

142 3640 172 3696 si
187 3642 291 3700 bellum
306 3643 386 3701 linire
399 3662 494 3713 manu,
509 3663 533 3700 s1
525 3643 648 3720 'pellere
662 3645 785 3703 Teucros

142 3720 279 3796 Apparet
293 3723 337 3780 his
351 3743 462 3781 mecum
476 3689 571 3781 decuit
585 3744 748 3783 concurrere
760 3724 842 3795 telis;

144 3798 237 3871 l'ixot,
251 3801 296 3858 eui
310 3802 338 3858 vi
339 3807 400 3860 taur
414 3804 482 3861 deus
496 3806 547 3860 aut
560 3824 612 3861 sua
624 3804 724 3862 dextra
737 3805 868 3863 dedisset.

139 3877 170 3939 N
174 3899 228 3939 uuo
242 3879 292 3951 ite,
306 3884 338 3940 et
350 3881 462 3940 miseris
474 3883 628 3958 supponite
640 3883 750 3939 ciuibus
758 3885 886 3956 ignem?

137 3962 265 4023 Dixerat
280 3962 395 4023 renea
442 3962 505 4021 orb
516 3961 693 4034 obstupuere
704 3958 843 4023 silentes,
