2446 4260
181 198 239 256 128
477 210 659 253 arraornrr
673 210 815 255 naaorrs

182 356 268 428 Quod
280 355 380 432 pelago
394 357 424 413 et
437 353 530 412 curvis
544 373 639 412 secum
652 373 768 413 avexere
782 354 892 414 carinis.

183 437 225 494 Et
238 456 322 507 nunc,
336 434 412 514 quod
424 434 531 511 patrias
543 437 631 492 vento
644 434 750 511 petiere
763 434 912 513 Mycenas,

183 517 273 573 Arma
286 514 407 591 deosque
420 519 523 591 parant
536 513 663 586 comites,
677 514 832 591 pelagoque
845 531 975 574 remenso

183 593 337 672 Improvisi
350 594 479 652 aderunt.
520 593 570 651 Ita
583 593 687 670 digerit
701 593 797 652 omina
810 593 939 654 Calchas.

183 674 270 732 Hanc
283 695 334 751 pro
348 672 487 744 Palladio,
500 672 612 745 moniti,
626 693 677 750 pro
690 673 807 733 numine
820 673 895 748 laeso,

184 752 319 831 Effigiem
333 757 467 825 statuere,
480 752 559 810 nefas
573 773 635 829 quae
647 752 732 811 triste
745 753 846 830 piaret.

184 833 271 892 Hanc
284 837 381 892 tamen
394 833 563 891 immensam
576 831 696 890 Calchas
709 833 839 893 attollere
852 834 959 893 molem

185 911 346 972 Roboribus
359 912 457 984 textis,
470 912 592 988 caeloque
605 912 722 970 educere
731 912 827 990 jussit,

184 994 232 1051 Ne
245 993 331 1070 recipi
343 992 443 1069 portis,
457 995 507 1050 aut
521 991 587 1049 duci
598 991 629 1048 in
642 992 748 1050 moenia
759 992 868 1069 possit;

185 1073 253 1131 Neu
265 1072 401 1150 populum
415 1071 532 1148 antiqua
545 1071 598 1129 sub
610 1070 745 1149 religione
758 1072 841 1130 tueri.

186 1152 273 1224 Nam,
287 1153 312 1209 si
323 1155 419 1210 vestra
432 1171 532 1208 manus
545 1151 678 1209 violasset
692 1151 767 1210 dona
780 1152 929 1226 Minervae,

186 1231 263 1290 Tum
275 1252 413 1310 magnum
427 1230 545 1290 exitium
563 1231 653 1307 (quod
665 1230 695 1288 di
707 1231 786 1308 prius'
800 1252 884 1291 omen
896 1232 928 1291 in
940 1232 1036 1310 ipsum

187 1310 364 1371 Convertant
372 1312 393 1388 l)
416 1310 525 1368 Priami
537 1311 655 1387 imperio
668 1310 889 1390 Phrygibusque
901 1312 1042 1370 futurum.

187 1391 239 1448 Sin
251 1391 381 1450 manibus
395 1391 496 1449 vestris
509 1394 634 1448 vestram
648 1391 819 1450 ascendisset
832 1393 862 1449 in
875 1393 985 1466 urbem,

188 1471 274 1529 Ultro
287 1471 386 1529 Asiam
400 1490 504 1548 magno
518 1469 641 1546 Pelopea
653 1470 690 1528 ad
702 1470 809 1529 moenia
820 1472 894 1531 bello

187 1550 354 1623 Venturam,
368 1552 398 1610 et
410 1554 524 1609 nostros
537 1570 570 1608 ea
582 1549 643 1608 sata
655 1570 768 1608 manere
780 1552 917 1629 nepotes’

186 1628 304 1689 Talibus
316 1630 426 1689 insidiis
438 1630 598 1708 perjurique
611 1632 672 1689 arte
686 1629 798 1689 Sinonis

188 1708 304 1769 Credita
316 1730 369 1782 res,
383 1711 514 1788 captique
528 1708 598 1768 dolis
611 1709 789 1787 lacrimisque
802 1711 916 1783 coactis,

189 1789 266 1860 Quos
279 1809 369 1866 neque
383 1789 517 1868 Tydides,
530 1809 582 1848 nec
596 1789 750 1848 Larissaeus
764 1790 899 1864 Achilles,

189 1870 257 1927 Non
271 1869 339 1927 anui
351 1870 484 1928 domuere
497 1869 602 1940 decem,
616 1889 675 1927 non
687 1869 764 1927 mille
778 1870 888 1929 carinas.

228 1952 244 1979 “
253 1948 313 2007 Hic
327 1949 403 2007 aliud
415 1950 506 2027 majus
520 1948 629 2006 miseris
641 1948 790 2025 multoque
803 1950 985 2009 tremendum

189 2028 331 2106 Objicitur
343 2028 442 2106 magis,
456 2032 542 2105 atque
555 2028 715 2105 improvida
726 2032 843 2105 pectora
855 2031 963 2091 turbat.

189 2107 330 2180 Laocoon,
343 2109 445 2166 ductus
458 2108 597 2185 Neptuno
611 2111 687 2167 sorta
699 2109 836 2180 sacerdos,

189 2187 334 2246 Solemnes
346 2191 462 2245 taurum
475 2188 622 2265 ingentem
636 2189 780 2247 mactabat
794 2190 831 2247 ad
843 2209 914 2248 aras.

189 2267 265 2326 Ecce
278 2271 375 2325 autem
384 2267 491 2344 gemini
504 2287 521 2325 a
534 2268 648 2326 Tenedo
661 2268 815 2344 tranquilla
826 2289 877 2346 per
890 2269 949 2328 alta

193 2346 349 2422 (Horresco
362 2347 497 2422 referens)
513 2347 658 2405 immensis
672 2347 786 2405 orbibus
799 2368 906 2425 angues

190 2426 367 2484 Incumbunt
380 2427 488 2504 pelage,
501 2427 663 2503 pariterque
676 2427 712 2484 ad
724 2426 811 2486 litora
823 2430 964 2500 tendunt;

190 2506 315 2565 Pectora
328 2527 448 2583 quorum
460 2507 536 2564 inter
548 2506 653 2564 fluctus
667 2510 775 2565 arrecta
785 2508 918 2587 jubasque

190 2586 358 2663 Sanguineas
371 2589 540 2662 exsuperant
553 2586 661 2658 undas3
681 2607 746 2663 pars
760 2591 855 2646 cetera
866 2593 990 2666 pontum

190 2665 270 2724 Pone
283 2666 363 2742 legit,
377 2666 547 2742 sinuantque
559 2666 698 2724 immensa
709 2666 853 2726 volumine
866 2673 964 2746 terga;

191 2745 242 2804 Fit
257 2746 375 2817 sonituS,
389 2749 539 2823 spumante
553 2746 620 2804 salo.
661 2745 785 2824 Jamque
798 2767 866 2804 arva
877 2749 1024 2820 tenebant,

190 2825 386 2902 Ardentesque
400 2826 495 2884 oculos
509 2826 621 2884 suffecti
634 2826 771 2903 sanguine
784 2830 814 2884 et
827 2827 896 2903 igni,

191 2904 280 2962 Sibila
291 2905 455 2963 lambebant
467 2906 574 2983 linguis
586 2906 764 2964 vibrantibus
779 2927 836 2965 ora.

191 2984 367 3061 Diffugimus
380 2985 444 3042 visu
456 3006 627 3062 exsangues:
648 2985 690 3042 illi
703 2985 816 3063 agmine
830 2990 907 3044 certo

191 3063 356 3123 Laocoonta
367 3068 479 3142 petunt.
520 3066 562 3122 Et
575 3066 699 3142 primum
712 3086 799 3142 parva
811 3066 933 3124 duorum

191 3143 316 3220 Corpora
328 3148 461 3202 natorum
475 3165 589 3222 serpens
603 3145 747 3222 amplexus
760 3149 880 3222 uterque

190 3223 335 3300 Implicat,
349 3228 379 3282 et
392 3224 507 3283 miseros
520 3245 618 3282 morsu
630 3224 791 3301 depascitur
804 3230 883 3283 artus
894 3250 900 3296 ;

191 3302 263 3361 Post
276 3303 378 3380 ipsum,
393 3304 496 3362 auxilio
510 3305 679 3363 subeuntem
692 3325 724 3362 ac
737 3304 797 3362 tela
809 3305 955 3374 ferentem,

191 3382 365 3460 Corripiunt,
380 3383 515 3461 spirisque
529 3384 622 3461 ligant
634 3384 815 3461 ingentibus3
836 3385 936 3462 etjam

191 3463 243 3520 Bis
256 3463 383 3521 medium
395 3462 524 3539 amplexi,
538 3464 582 3521 bis
596 3464 667 3522 collo
681 3484 814 3540 squamea
826 3464 932 3522 circum

191 3542 285 3621 Terga
294 3543 366 3615 dati,
381 3546 516 3619 superant
530 3544 621 3619 capite
635 3546 665 3601 et
678 3544 833 3602 cervicibus
846 3544 922 3602 altis.

192 3622 247 3682 Ille
260 3622 346 3681 simul
358 3623 488 3679 manibus
502 3623 597 3680 tendit
610 3623 742 3682 divellere
755 3623 853 3696 nodos,

192 3701 327 3761 Perfusus
341 3703 418 3760 sanie
430 3702 520 3760 vittas
534 3706 651 3779 atroque
664 3723 790 3775 veneno3

191 3781 334 3840 Clamores
349 3782 434 3840 simul
446 3782 601 3841 horrendos
616 3783 652 3841 ad
665 3783 756 3841 sidera
769 3783 863 3842 tollit:

191 3860 288 3931 Qualis
302 3863 440 3940 mugitus,
454 3862 530 3940 fugit
545 3883 633 3940 quum
646 3862 756 3920 saucius
771 3883 849 3920 aram

191 3939 310 4016 Taurus,
324 3944 353 4000 et
366 3943 504 4001 incertam
517 3942 640 4002 excussit
654 3943 761 4001 cervice
774 3942 903 4001 securim.
