2446 4260
457 234 733 281 mmmosnmr.
1011 223 1070 280 229

115 381 152 440 oi
166 379 253 459 cujus
261 378 359 458 jurare
370 377 477 438 timent
490 381 520 437 et
533 377 629 437 fallere
642 398 757 438 numen.

115 461 193 520 Hoec
203 459 307 532 omnis,
318 477 405 536 quam
416 458 516 529 cernis,
526 458 608 536 inops
617 458 825 536 inhumataque
834 460 921 518 turba
930 464 991 534 est;

115 539 251 600 Portitor
262 538 320 610 ille,
334 537 464 611 Charon3
483 537 524 611 hi,
539 558 608 616 quos
622 539 703 596 vehit
716 539 801 610 unda,
815 539 929 617 sepulti.

115 621 180 680 Nec
193 620 272 697 ripas
286 618 371 676 datur
383 617 537 676 horrendas
551 621 581 677 ct
593 638 679 676 rauca
691 617 799 677 fluenta

115 701 327 777 Pransportsre
340 696 428 776 prius,
441 717 528 775 quam
542 698 655 756 sedibus
669 717 733 756 ossa
746 699 889 774 quierunt.

115 779 246 838 Centum
260 782 357 836 errant
370 797 467 850 annos,
480 777 660 854 volitantque
673 777 733 835 haec
747 779 832 837 litora
845 779 967 838 circum:

115 860 196 918 Tum
210 858 327 917 demum
340 857 455 916 admissi
469 859 572 935 stagna
584 859 720 935 exoptata
732 858 891 917 revisunt.’'

115 937 262 998 Constitit
275 937 402 995 Anchisa
414 940 502 1009 satus,
516 939 546 995 et
559 937 681 1014 vestigia
692 938 804 1014 pressit,

115 1019 219 1077 Multa
231 1021 346 1096 putans,
359 1019 521 1095 sortemque
534 1017 629 1075 animo
642 1016 792 1075 miseratus
805 1017 942 1096 iniquam.

115 1098 220 1157 Cernit
234 1097 275 1156 ibi
287 1099 403 1155 maestos
417 1100 447 1155 et
460 1096 562 1155 mortis
575 1096 683 1155 honore
696 1100 824 1155 carentes

115 1177 292 1255 Leucaspim
304 1179 335 1236 et
348 1176 445 1254 Lyciae
458 1177 605 1234 ductorem
619 1175 714 1234 classis
729 1175 884 1237 Orontem:

117 1259 200 1330 Quos
214 1256 300 1315 simul
313 1276 331 1314 a
343 1256 429 1334 Troja
441 1259 561 1314 ventosa
573 1276 623 1333 per
638 1275 751 1332 aequora
763 1259 861 1315 vectos

119 1337 227 1396 Obruit
240 1340 344 1408 auster,
358 1356 431 1415 aqua
442 1336 589 1394 involvens
602 1355 759 1412 navemque
772 1336 912 1414 virosque.

160 1418 238 1476 Ecce
250 1417 424 1494 gubernator
436 1436 496 1474 sese
509 1415 662 1473 Palinurus
676 1416 795 1493 agebat:

123 1498 179 1570 Qui
192 1496 303 1575 Libyco
315 1515 406 1572 nuper
419 1515 511 1568 cursu,
525 1495 594 1553 dnm
607 1496 698 1553 sidera
711 1498 815 1569 servat,

123 1576 278 1635 Exciderat
291 1574 381 1654 puppi
392 1576 493 1634 mediis
507 1576 612 1634 effusus
625 1575 656 1632 in
669 1575 762 1633 undis.

124 1657 212 1715 Hunc
226 1655 277 1715 ubi
289 1654 338 1714 vix
350 1655 443 1714 multa
455 1657 589 1712 maestum
602 1655 737 1732 cognovit
750 1654 782 1712 in
794 1655 905 1728 umbra,

125 1737 170 1795 Sic
183 1735 262 1815 prior
275 1734 443 1813 alloquitur:
465 1735 561 1807 “Quis
574 1739 613 1805 te,
628 1734 770 1807 Palinure,
784 1734 903 1794 deorum

125 1816 242 1894 Eripuit
255 1815 346 1887 nobis,
359 1815 508 1892 medioque
522 1815 576 1872 sub
589 1834 699 1891 aequore
712 1813 837 1874 mersit?

126 1896 180 1955 Dic
193 1916 256 1974 age.
295 1895 430 1972 Namque
443 1894 523 1965 mihi,
538 1894 623 1952 fallax
635 1894 713 1952 haud
727 1898 793 1953 ante
806 1898 945 1972 repertus,

126 1976 191 2035 Hoc
204 1996 263 2034 uno
276 1994 410 2053 responso
424 1975 552 2032 animum
565 1974 670 2032 delusit
684 1974 798 2052 Apollo,

127 2055 181 2128 Qui
193 2056 254 2114 fore
267 2057 298 2112 te
311 2057 401 2132 ponto
413 2055 594 2126 incolumem,
608 2054 734 2131 finesque
748 2053 867 2112 canebat

126 2135 289 2194 Venturum
301 2134 452 2193 Ausonios.
493 2135 541 2192 En
554 2135 617 2192 haec
630 2133 770 2210 promissa
782 2134 853 2192 fides
866 2139 910 2194 est
921 2135 955 2196 ?”

127 2215 179 2274 Ille
193 2218 306 2274 autem:
328 2215 455 2290 “Neque
468 2215 498 2272 te
512 2213 617 2272 Phoebi
629 2213 740 2272 cortina
752 2213 861 2286 fefellit,

127 2295 194 2353 Dux
208 2294 389 2367 Anchisiade,
403 2314 455 2352 nec
468 2314 515 2352 mc
529 2294 597 2352 deus
611 2313 721 2370 aequore
734 2294 844 2352 mersit.

126 2375 260 2452 Namque
272 2375 477 2452 gubernaclum
489 2374 583 2433 multa
595 2373 625 2431 ri
637 2374 712 2432 forte
725 2373 878 2447 revulsum,

127 2454 180 2513 oui
193 2455 279 2512 datus
292 2454 434 2513 baercbam
447 2457 551 2527 custos,
565 2473 718 2531 cursusque
730 2454 872 2531 regebam,

128 2534 316 2612 Pracipitans
328 2534 405 2592 traxi
417 2554 538 2592 mecum.
578 2533 674 2591 Maria
686 2553 784 2610 aspera
792 2534 868 2610 juro,

127 2614 196 2674 Non
208 2613 301 2672 ullum
313 2633 365 2691 pro
378 2634 424 2672 me
437 2616 554 2672 tantum
567 2613 672 2690 cepisse
684 2613 827 2684 timorem,

129 2695 221 2767 Quam
233 2697 286 2752 tna
298 2713 343 2765 ne,
356 2692 478 2770 spoliata
491 2693 585 2766 armis,
599 2712 716 2751 excussa
728 2692 876 2769 magistro,

129 2774 272 2833 Deficeret
284 2773 376 2832 tantis
389 2774 469 2832 navis
483 2772 665 2850 surgentibus
678 2770 772 2829 undis.

131 2855 200 2914 rllres
214 2855 301 2912 notus
314 2852 447 2912 hibernas
459 2854 600 2911 immensa
612 2872 662 2928 per
675 2871 787 2928 aequora
800 2854 899 2910 noctes

130 2932 215 2994 Vexit
228 2953 275 2991 me
287 2932 430 2992 violentus
444 2953 532 3010 aqua3
553 2933 602 2989 vix
614 2931 722 2990 lumine
735 2933 838 3007 quarto

129 3012 266 3091 Prospexi
279 3012 397 3071 Italiam
410 3033 522 3072 summa
535 3011 664 3071 sublimis
677 3011 713 3074 ab
726 3010 812 3068 unda.

129 3092 276 3154 Paulatim
289 3093 429 3151 adnabam
441 3096 544 3151 terrae:
561 3093 623 3170 jam
635 3094 703 3150 tuta
714 3090 849 3149 tenebam
861 3113 867 3160 ;

127 3171 167 3234 Ni
181 3193 255 3252 gens
269 3172 389 3230 erudelis
402 3173 516 3231 madida
529 3192 594 3231 cum
607 3174 687 3230 veste
700 3172 861 3247 gravatum,

124 3252 373 3329 Prensantemque
386 3253 466 3310 uncis
479 3251 610 3310 manibus
624 3251 718 3329 capita
731 3269 829 3327 aspera
843 3249 960 3320 montis,

123 3330 218 3394 Ferro
231 3332 390 3405 invasisset,
403 3333 584 3410 praedamque
597 3331 697 3409 ignara
708 3332 848 3408 putasset.

119 3410 154 3474 N
155 3433 217 3472 unc
230 3432 277 3470 me
290 3411 395 3471 fluctus
408 3413 504 3484 habet,
517 3416 687 3488 versantque
700 3411 731 3468 in
743 3410 828 3469 litore
841 3407 929 3468 venti.

118 3493 214 3568 Quod
226 3495 258 3551 te
270 3512 321 3569 per
334 3492 398 3550 coeli
407 3492 567 3569 jucundum
578 3491 676 3549 lumen
689 3493 719 3548 et
732 3510 823 3561 auras,

118 3570 185 3634 Per
199 3571 362 3650 genitorem
374 3592 432 3643 oro,
446 3592 496 3649 per
509 3591 571 3649 spes
586 3570 729 3647 surgentis
744 3569 818 3626 Juli:

115 3650 219 3731 Eripe
232 3672 280 3711 me
291 3653 347 3725 his,
359 3651 474 3724 invicte,
487 3651 586 3723 malis;
605 3653 656 3708 aut
669 3653 705 3708 tu
716 3648 789 3706 mibi
801 3651 909 3706 terram

115 3730 231 3813 Injice‚
244 3751 368 3809 namque
380 3735 470 3808 potes,
483 3735 639 3808 portusque
651 3728 762 3807 require
774 3726 909 3798 Velin0s3

115 3816 193 3874 Aut
205 3816 250 3884 tu,
264 3812 289 3871 si
302 3832 358 3890 qua
370 3811 417 3869 via
429 3814 481 3884 est,
496 3811 521 3869 si
534 3830 619 3888 quam
632 3809 688 3867 tibi
700 3809 766 3866 diva
779 3805 900 3865 creatrix

115 3892 408 3968 Ostendit—neque
421 3890 505 3963 enim,
520 3890 611 3964 credo,
626 3889 688 3950 sine
700 3887 818 3948 numine
832 3885 935 3946 divum

115 3970 259 4029 maana
273 3974 355 4029 taam
362 3990 450 4048 paras
462 3970 659 4054 Stygiamque
671 3971 777 4035 innare
788 3969 972 4055 paludem—-
