2446 4260
144 215 205 275 286
443 229 471 271 e.
484 226 626 270 vinemrr
645 225 789 269 uxaoxrs

144 373 267 431 Ferrum
280 372 384 430 303331
397 369 488 448 portis
500 369 531 428 in
545 389 591 428 me
604 369 800 447 excidiumque
813 370 973 430 meorum.”

143 452 281 523 Dixerat3
301 454 331 509 01
344 450 433 508 niveis
446 450 513 508 hinc
527 453 613 526 atque
627 449 694 508 hinc
707 449 773 507 diva
785 449 898 509 lacertis

144 531 338 590 Cunctantem
351 530 482 606 amplexu
495 530 575 588 molli
587 530 674 588 fovet.
715 529 771 587 Ille
783 535 901 606 repente

143 610 266 689 Accepit
279 610 394 668 solitam
406 609 567 680 flammam3
587 612 729 686 notusque
742 610 879 669 medullas
939 623 942 627 ’

145 690 272 748 Intravit
286 691 369 761 calor,
382 693 412 748 et
425 689 564 748 labefacta
576 709 626 766 per
639 708 703 746 ossa
715 690 856 749 cucurrit:

143 769 213 828 Non
227 789 306 828 secus
320 772 406 846 atque
419 769 496 840 olim,
509 768 622 827 tonitru
636 788 724 846 quum
737 773 823 845 rupta
836 790 953 830 corusco

143 848 236 927 Ignea
248 849 321 906 rima
333 848 441 906 micans
455 848 593 925 percurrit
607 847 715 906 lumine
727 848 848 909 nimbos.

144 928 240 987 Sensit
252 929 319 986 laeta
331 927 403 986 dolis
417 932 447 987 et
462 929 558 986 formae
571 928 684 986 conseia
696 928 807 1006 conjux.

143 1008 221 1066 Tum
234 1011 314 1084 pater
329 1011 437 1066 aeterno
450 1007 527 1066 fatur
540 1007 689 1066 devinctus
703 1027 816 1066 amore:

144 1091 161 1119 “
170 1086 247 1159 Quid
260 1107 357 1145 causas
370 1087 444 1164 petis
458 1086 588 1146 exalto?
609 1086 712 1145 fiducia
726 1087 810 1145 cessit

144 1166 208 1238 Quo
220 1166 284 1237 tibi,
298 1166 371 1237 diva,
384 1166 465 1226 mei?
486 1166 592 1224 Similis
606 1166 630 1224 si
644 1187 711 1225 cure
724 1167 833 1238 fuisset,

143 1245 221 1304 Tum
234 1266 344 1323 quoque
357 1247 399 1304 133
413 1246 494 1304 30113
509 1246 632 1305 Teucros
646 1265 754 1304 armare
768 1246 883 1317 fuisset3

143 1324 207 1384 Nec
221 1324 309 1384 Pater
322 1325 501 1402 omnipotens
515 1325 640 1405 Trojam,
653 1346 705 1384 nec
718 1327 778 1384 1313
790 1326 928 1385 vetabant

144 1405 235 1476 Stare,
249 1405 402 1483 decemque
415 1405 483 1464 alios
498 1405 645 1464 Priamum
658 1425 802 1484 superesse
814 1426 864 1483 per
877 1425 978 1466 33303.

143 1483 186 1543 Et
200 1505 285 1556 nunc,
299 1486 323 1544 si
335 1485 440 1544 bellare
453 1505 544 1563 paras,
558 1489 645 1563 atque
658 1486 718 1544 haec
731 1486 786 1544 tibi
800 1506 881 1544 mene
893 1490 947 1559 031,

143 1563 269 1642 Quiquid
281 1564 312 1623 in
325 1568 386 1623 arte
399 1585 463 1623 mea
476 1585 590 1642 possum
605 1565 772 1641 promittere
784 1585 867 1638 curm,

143 1643 228 1715 Quod
240 1645 301 1702 fieri
314 1645 388 1704 ferro
401 1644 543 1721 liquidove
556 1648 652 1722 potest
666 1645 780 1716 electro,

143 1722 292 1794 Quantum
304 1725 385 1802 ignes
399 1726 555 1802 animaeque
569 1725 681 1796 valent3
702 1725 807 1783 absiste
820 1725 962 1801 precando
1013 1733 1015 1736 ⁴

142 1801 259 1862 Viribus
271 1804 433 1862 indubitare
445 1804 533 1862 tuis.”
575 1805 621 1861 Ea
632 1805 719 1862 verba
730 1804 842 1868 locutus

144 1882 268 1960 Optatos
281 1883 360 1942 dedit
373 1883 526 1961 amplexae,
539 1883 736 1961 placidumque
749 1884 853 1960 petivit

144 1961 281 2041 (ionjugis
295 1964 405 2022 infusus
418 1964 526 2041 grenno
540 1984 590 2040 per
602 1965 731 2022 membra
743 1983 882 2040 soporem.

184 2042 257 2101 Inde
270 2044 320 2101 ubi
332 2043 425 2120 prima
437 2042 516 2120 quies
530 2043 623 2102 medio
632 2043 693 2121 jam
707 2044 799 2102 noctis
813 2044 923 2102 abactae

144 2120 292 2181 Curriculo
305 2125 451 2200 expulerat
464 2143 595 2181 somnum
606 2148 612 2194 ;
633 2143 721 2200 quum
735 2123 840 2181 femina
852 2124 986 2200 primum,

144 2201 199 2259 Oui
212 2202 332 2261 tolerare
346 2203 406 2261 0310
419 2202 511 2260 vitam
524 2202 659 2279 tenuique
673 2203 806 2260 Minerva

143 2280 326 2358 Impositum,
340 2282 461 2340 cinerem
475 2286 505 2340 01
519 2283 626 2359 sopitos
640 2283 759 2340 suscitat
773 2283 853 2359 ignes

142 2360 269 2419 Noctem
283 2362 388 2420 addens
402 2362 495 2438 operi3
515 2362 690 2439 famulasque
703 2363 739 2419 ad
752 2362 861 2420 lumina
873 2362 962 2440 longo

142 2440 266 2498 Exercet
279 2462 374 2518 penso,
388 2445 500 2500 castum
513 2445 547 2499 31
561 2462 671 2500 servare
685 2441 775 2499 cubile

143 2519 288 2598 (lonjugis,
303 2524 332 2578 01
346 2522 436 2598 possit
449 2541 549 2597 parvos
563 2522 680 2580 educere
692 2525 792 2579 natos:

142 2599 232 2658 Haud
246 2622 325 2659 secus
338 2601 501 2678 ignipotens
514 2622 566 2659 nec
579 2605 706 2676 tempore
720 2602 833 2678 segnior
846 2600 895 2658 illo

142 2679 280 2739 Mollibus
295 2701 310 2738 e
323 2684 421 2738 stratis
435 2701 520 2758 opera
532 2681 568 2738 ad
581 2681 692 2739 fabrilia
705 2681 807 2757 surgit.

142 2759 242 2817 Insula
255 2761 398 2819 Sicanium
407 2763 492 2839 juxta
505 2762 580 2818 latus
594 2761 772 2836 AEoliamquc

142 2840 274 2916 Erigitur
287 2840 418 2917 Liparen,
432 2841 608 2897 fumantibus
623 2842 709 2898 ardua
722 2840 812 2897 saxis:

142 2920 235 2991 Quam
250 2920 348 2978 subter
361 2940 459 2997 specus
473 2924 503 2977 01
517 2919 674 2996 Cyclopum
688 2939 770 2977 exesa
783 2917 900 2977 caminis

141 3000 236 3056 Antra
250 2999 363 3057 AEtnaea
376 3003 487 3070 tonant,
501 2999 642 3075 validique
656 2999 805 3056 incudibus
818 2999 892 3056 ictus

141 3078 244 3136 Auditi
256 3079 382 3136 referunt
396 3080 545 3156 gemitum,
559 3079 740 3155 striduntque
754 3078 880 3137 cavernis

141 3157 289 3216 Stricturae
304 3158 474 3236 Chalybum,
488 3163 518 3216 01
531 3159 690 3216 fornacibus
704 3158 778 3235 ignis
793 3158 924 3228 anhelat;

139 3237 262 3296 Vulcani
275 3239 384 3308 domus,
398 3242 427 3296 et
441 3239 578 3297 Vulcania
590 3238 704 3296 nomine
718 3239 811 3295 tellus.

140 3316 290 3376 Hoc'tunc
304 3317 466 3395 ignipotens
480 3319 550 3376 coelo
564 3317 709 3376 descendit
722 3319 758 3375 ab
772 3318 840 3375 alto.

140 3396 262 3455 Ferrum
276 3398 443 3456 exercebant
456 3402 537 3456 vasto
552 3398 690 3475 Cyclopes
703 3397 733 3454 in
748 3401 839 3467 antro,

140 3475 328 3554 Brontesque,
343 3477 537 3555 Steropesque,
551 3481 581 3536 et
594 3479 687 3535 nudus
701 3478 829 3534 membra
843 3476 1016 3554 Pyracmon.

140 3555 198 3614 His
211 3557 396 3616 informatum
409 3557 539 3614 manibus
553 3557 612 3633 jam
627 3560 708 3634 parte
722 3557 811 3633 polita

140 3635 262 3694 Fulmen
277 3641 356 3709 erat;
376 3640 440 3695 toto
454 3636 567 3713 genitor
581 3657 645 3714 quae
660 3637 782 3714 plurima
795 3635 865 3695 coelo

139 3714 247 3794 Dejicit
260 3717 290 3775 in
303 3722 392 3775 terras
403 3741 409 3789 ;
429 3737 493 3794 pars
506 3716 672 3793 imperfecta
686 3717 828 3775 manebat.

139 3794 209 3854 Tres
222 3796 321 3854 imbris
334 3798 404 3855 torti
419 3797 520 3867 radios,
533 3800 592 3854 tres
605 3797 689 3854 nubis
703 3816 817 3873 aquosae

133 3876 329 3952 Addiderunt,
341 3877 425 3937 rutili
435 3881 496 3937 tres
509 3876 588 3955 ignis
600 3880 632 3933 et
642 3876 720 3932 alitis
731 3875 831 3932 austri.

129 3957 280 4042 Fulgores
294 3982 377 4022 nunc
387 3958 555 4031 borribcos,
564 3955 937 4028 sumtumque,mstumu,us
