2446 4260
196 213 235 273 70
499 224 833 270 r.r1aem11usaorr1s

195 368 363 447 Diffugiunt
375 371 512 442 armenta,
525 369 596 427 furit
608 368 767 462 mugitibus
780 370 872 428 aether

196 449 366 521 Concussae,
380 449 512 527 silvaeque
525 449 590 509 et
568 449 636 508 srcci
647 450 709 526 ripa
722 449 855 527 Tanagri.

196 528 264 588 Hoc
277 495 420 606 quondam
431 533 561 588 monstro
573 528 722 588 horribiles
735 528 882 587 exercuit
873 549 930 589 rras

196 607 324 667 Inachiae
337 608 359 667 J
359 629 416 668 uno
429 613 540 686 pestem
552 609 711 667 meditata'
699 627 838 686 Juvencae.

194 687 285 747 Hunc
299 708 418 765 quoque,
430 709 498 747 narn
511 689 611 748 mediis
625 689 781 747 fervoribus
794 688 886 747 acrior
897 688 998 761 instat,

195 767 313 827 Arcebis
325 768 443 845 gravido
455 769 558 846 pecori,
571 770 753 845 armentaque
765 788 870 845 pasces,

196 847 260 907 Sole
272 867 369 907 recens
382 851 455 920 orto,
468 851 519 906 aut
531 851 646 907 noctem
659 848 827 906 ducentibus
840 847 935 907 astris.

235 927 308 986 Post
320 930 436 1004 partum
449 947 517 987 cura
528 927 559 986 in
572 927 677 986 vitulos
690 927 850 986 traducitur
862 928 973 987 omnis:

196 1005 396 1084 Continuoque
408 1011 492 1067 notas
506 1011 536 1066 et
548 1007 666 1066 nomina
677 1007 772 1085 gentis
784 1007 914 1079 inurunt,

196 1086 239 1144 Et
252 1106 323 1164 quos
335 1090 386 1145 aut
399 1087 493 1164 pecori
506 1087 609 1145 malint
622 1086 791 1146 submittere
803 1087 945 1160 habendo,

195 1166 258 1224 Aut
271 1166 326 1224 aris
340 1186 450 1226 servare
463 1187 564 1238 sacros,
577 1170 628 1224 aut
641 1166 767 1225 scindere
780 1169 895 1237 terram,

196 1245 239 1303 Et
251 1266 384 1322 eampum
396 1246 561 1305 horrentem
572 1246 670 1305 fractu
681 1246 822 1305 invertere
835 1246 942 1323 glebis:

196 1324 300 1384 Cetera
311 1330 467 1403 pascuntur
474 1326 577 1384 virides
591 1329 721 1385 armenta
729 1345 780 1403 per
792 1326 904 1385 herbas

197 1404 243 1462 'l'u
255 1425 325 1482 quos
339 1405 376 1464 ad
388 1406 516 1465 studium
529 1408 615 1498 atque
627 1426 712 1463 usum
724 1405 858 1465 formabis
871 1407 1022 1484 agrestem,

196 1483 219 1542 J
219 1504 266 1543 am
278 1484 384 1544 vitulos
396 1485 511 1544 hortare
513 1486 664 1562 ,viamque
676 1485 776 1544 insiste
789 1485 934 1557 domandi,

196 1563 276 1623 Dum
288 1565 383 1624 faciles
397 1564 484 1623 animi
493 1565 640 1643 juvenum,
654 1565 724 1623 dum
736 1564 849 1624 mobilis
862 1568 943 1625 aetas

196 1644 240 1704 Ac
253 1644 377 1722 primurn
390 1645 468 1703 laxos
481 1644 563 1703 tenui
575 1644 650 1704 de
623 1645 730 1703 vrmine
742 1644 841 1703 circlos

196 1723 307 1782 (terrici
319 1725 471 1797 subnecte3
491 1724 602 1817 dehinc,
614 1725 665 1783 ubi
677 1724 766 1783 libera
778 1723 851 1783 colla

196 1803 318 1862 Servitio
332 1804 502 1862 assuerint
474 1804 563 1882 ,rpsis
577 1825 592 1863 e
605 1803 755 1882 torquibus
768 1807 850 1896 aptos

195 1881 218 1940 J
218 1903 294 1962 unge
306 1903 396 1961 pares,
409 1886 439 1942 et
452 1904 522 1961 coge
534 1884 656 1961 gradum
668 1883 813 1943 conferre
801 1903 956 1961 Juvenoos3

195 1962 293 2041 Atque
305 1963 382 2021 illis
369 1982 431 2042 Jam
444 1983 518 2040 saepe
531 1966 603 2022 rotae
616 1963 778 2022 ducantur
769 1983 868 2022 manes

196 2041 253 2101 Per
264 2046 380 2115 terram,
393 2047 423 2103 et
437 2063 549 2102 summo
561 2042 684 2121 vestigia
695 2042 810 2121 pulvere
823 2043 955 2136 signent:

196 2121 269 2180 Post
281 2123 375 2182 valido
387 2123 483 2181 nitens
497 2123 550 2181 sub
562 2124 685 2201 pondere
697 2123 810 2201 faginus
823 2123 883 2181 axis

196 2201 352 2280 Instrepat,
366 2207 397 2261 et
405 2203 522 2281 junctos
535 2206 613 2261 temo
626 2202 726 2261 trahat
738 2222 827 2261 aereus
841 2203 932 2263 orbes.

196 2280 312 2340 Interea
323 2283 392 2361 pubi
404 2282 555 2341 indomitas
568 2302 625 2340 non
639 2282 769 2360 gramina
780 2285 908 2354 tantum,

196 2360 259 2419 Nec
271 2381 367 2420 vescas
381 2363 499 2421 salicum
511 2362 623 2420 frondes
636 2362 787 2439 ulvamque
799 2362 965 2439 palustrem,

162 2472 166 2479 ,
196 2441 253 2498 Sed
265 2441 408 2500 frumenta
420 2462 508 2500 manu
521 2461 617 2519 carpes
631 2445 701 2500 sata.
741 2441 773 2499 N
773 2462 804 2500 ec
817 2442 872 2500 tibi
885 2442 961 2512 setas,

195 2520 276 2578 More
288 2521 453 2598 patrum,
425 2541 508 2580 mvea
520 2521 681 2598 implebunt
694 2521 859 2580 mulctraria
870 2541 973 2593 vaecae,

195 2599 252 2658 Sed
264 2604 329 2659 tota
340 2600 372 2657 in
384 2601 479 2659 dulces
493 2605 661 2660 consument
674 2601 761 2660 ubera
773 2604 865 2660 natos.

234 2679 285 2738 Sin
299 2680 335 2739 ad
347 2680 421 2739 bella
433 2680 524 2758 magis
538 2681 666 2738 studium
678 2684 842 2757 turmasque
854 2682 970 2752 feroces,

194 2759 258 2818 Aut
270 2759 384 2837 Alphea
395 2760 466 2818 rotis
479 2760 595 2836 praelabi
607 2760 727 2818 flumina
740 2760 824 2832 Pisae,

194 2839 237 2898 Et
251 2839 273 2898 J
273 2839 333 2899 ovis
345 2839 377 2898 in
388 2840 453 2898 luco
467 2861 564 2898 currus
578 2839 687 2917 agitare
699 2840 845 2912 volantes;

195 2918 310 2978 Primus
323 2920 388 2998 equi
401 2919 480 2978 labor
492 2923 536 2978 est
550 2919 659 2979 animos
673 2922 758 2997 atque
771 2939 849 2978 arma
861 2919 956 2978 videre

194 2998 361 3058 Bellantum
362 2999 523 3077 ,lituosque
535 2999 605 3076 pati,
617 3002 768 3076 tractuque
780 3001 943 3076 gementem

195 3078 282 3138 Ferre
295 3045 397 3151 rotarii,
411 3082 441 3138 et
454 3079 567 3138 stabulo
580 3079 674 3137 frenos
687 3079 783 3138 audire
797 3082 949 3151 sonantes;

194 3159 271 3216 Tum
282 3159 375 3237 magis
388 3161 474 3236 atque
486 3158 578 3236 magis
591 3159 703 3217 blandis
716 3159 838 3251 gaudere
850 3158 983 3236 magistri

194 3237 348 3310 Laudibus,
362 3241 392 3297 et
405 3239 511 3316 plausae
523 3238 650 3297 sonitum
663 3238 778 3297 cervicis
792 3257 894 3297 amare.

193 3318 291 3396 Atque
304 3318 386 3376 haec'
373 3338 437 3396 Jam
448 3318 540 3410 primo
554 3318 687 3396 depulsus
701 3319 737 3377 ab
750 3319 836 3377 ubere
849 3317 951 3377 matris

194 3397 338 3470 Audeat,
329 3417 415 3476 mque
428 3398 519 3457 vicem
532 3398 582 3456 det
595 3397 729 3457 mollibus
743 3418 793 3457 ora
805 3398 935 3475 capistris

194 3477 350 3549 Invalidus,
364 3478 505 3554 etiamque
518 3480 652 3550 tremens,
666 3478 754 3536 etiam
766 3477 871 3537 inscius
884 3477 948 3536 aevi.

194 3558 237 3615 At
249 3557 341 3615 tribus
355 3557 469 3628 exactis,
482 3556 532 3616 ubi
545 3562 647 3634 quarta
659 3556 807 3616 accesserit
820 3561 914 3630 oestas,

195 3636 316 3714 Carpere
329 3656 395 3695 mox
408 3657 513 3714 gyrum
524 3637 652 3714 incipiat,
665 3637 854 3715 gradibusque
867 3655 967 3696 sonare

194 3716 375 3794 Compositis,
389 3716 537 3794 sinuetque
550 3717 659 3776 alterna
670 3717 817 3776 volumina
829 3737 952 3788 crurum,

194 3795 294 3874 Sitque
306 3796 447 3855 laboranti
459 3796 575 3868 similis;
593 3800 659 3854 tum
672 3796 799 3856 cursibus
813 3816 902 3868 auras,

194 3875 270 3934 Tum
282 3879 374 3947 vocet,
387 3897 419 3935 ac
432 3895 483 3953 per
495 3880 593 3954 aperta
604 3877 711 3948 volans,
725 3895 777 3935 ceu
789 3876 860 3934 liber
872 3874 1000 3947 habenis,

194 3955 328 4036 AEquora,
341 3955 390 4016 vix
402 3976 514 4017 summa
525 3956 648 4035 vestigia
659 3961 748 4035 ponat
762 3975 862 4015 arena:
881 3978 884 3983 ·
