2446 4260
467 224 609 267 numos
624 224 686 266 LIB-
700 224 759 266 XII.

138 365 160 424 J
161 387 208 424 am
216 367 278 446 jam
290 366 389 444 linquo
404 367 484 426 acies.
525 367 573 426 Ne
586 387 632 426 me
644 370 750 425 terrete
763 367 924 441 timentem,

138 447 276 506 Obscena
290 448 434 518 volucres3
455 447 562 506 alarum
576 448 693 506 verbera
705 467 799 518 nosco,

137 525 322 603 Letalemque
335 548 437 585 sonum
448 551 456 599 ;
475 547 527 586 nec
540 527 643 604 fallunt
653 527 734 605 jussa
746 526 866 604 superba

138 606 320 683 Magnanimi
333 607 355 664 J
356 608 425 665 ovis.
466 607 542 665 Haec
555 627 607 684 pro
620 606 786 684 virginitate
798 607 936 685 reponit?

137 686 201 757 Quo
215 687 307 744 vitam
320 686 399 745 dedit
412 685 571 745 aternam?
591 707 642 745 cur
654 687 756 744 mortis
769 688 884 747 ademta
896 692 941 747 est

138 764 297 825 Conditiol’
316 787 428 843 possem
441 769 539 824 tantos
553 766 634 824 finire
647 767 757 824 dolores

137 845 224 904 Nunc
238 849 323 918 certe,
337 850 367 905 et
380 846 482 904 misero
495 845 577 903 fratri
591 866 684 907 comes
697 846 738 905 irc
751 866 800 922 per
813 847 936 906 umbras.

138 925 314 984 Immortalis
327 947 380 1004 ego
393 925 406 985 l
427 929 478 984 aut
491 925 646 1003 quidquam
658 926 730 983 mihi
743 925 825 985 dulce
837 947 966 985 meorum

138 1004 179 1063 Te
193 1007 262 1078 sine,
275 1006 371 1078 frater,
385 1005 463 1064 erit?
504 1005 529 1062 Ο
544 1025 606 1080 quae
619 1005 689 1062 satis
702 1005 761 1063 alta
774 1006 901 1066 dehiscat

138 1084 226 1142 Terra
239 1085 319 1156 mihi,
333 1105 484 1162 manesque
498 1085 581 1142 deam
593 1085 729 1142 demittat
743 1086 779 1143 ad
791 1086 864 1144 imos
874 1086 912 1145 ?’'

138 1163 265 1222 Tantum
279 1166 372 1236 effata,
386 1168 473 1242 caput
486 1165 587 1241 glauco
601 1164 727 1222 contexit
741 1165 850 1224 amictu

138 1244 236 1302 Multa
248 1265 373 1323 gemens,
387 1248 417 1303 et
430 1264 460 1302 se
473 1244 560 1302 fluvio
574 1245 627 1302 dea
639 1243 766 1303 condidit
780 1245 849 1303 alto.

178 1324 283 1383 AEneas
296 1326 386 1383 instat
400 1327 508 1396 contra,
521 1325 667 1400 telumque
681 1328 809 1383 coruscat

139 1403 246 1480 Ingens
260 1405 417 1475 arboreum,
432 1408 461 1462 et
475 1425 552 1462 saevo
566 1404 606 1462 sic
619 1408 732 1480 pectore
745 1404 838 1462 fatur:

138 1487 155 1515 “
165 1484 235 1555 Quae
243 1505 319 1543 nunc
328 1485 428 1543 deinde
438 1504 518 1544 mora
525 1487 569 1542 est
577 1483 590 1542 ‘l
599 1488 651 1541 aut
660 1484 728 1560 quid
731 1483 801 1560 jam,
810 1485 915 1557 Turne,
922 1488 1059 1546 retractas
1071 1485 1084 1544 P

138 1563 207 1620 Non
221 1584 313 1635 cursu,
327 1564 408 1622 saevis
422 1564 589 1622 certandum
602 1566 646 1622 est
660 1563 789 1621 cominus
802 1564 896 1623 armis

138 1642 227 1701 Verte
240 1664 337 1703 omncs
351 1646 412 1702 tete
425 1643 456 1701 in
468 1644 569 1716 facies3
590 1647 620 1701 et
633 1643 778 1715 contrahe,
793 1643 931 1720 quidquid

139 1721 204 1782 Sive
218 1723 320 1781 animis
334 1724 392 1782 sive
406 1727 467 1781 arte
480 1723 572 1794 vales;
593 1727 662 1799 opta
675 1722 762 1780 ardua
775 1724 875 1800 pennis

137 1802 227 1860 Astra
240 1804 327 1881 sequi,
342 1804 503 1862 clausumve
516 1806 627 1860 cavate
641 1803 760 1861 condere
773 1803 877 1861 terra.'’

138 1881 194 1940 Ille
207 1887 294 1960 caput
308 1903 459 1960 quassans:
481 1883 577 1940 “Non
590 1903 637 1941 me
650 1885 703 1940 tua
714 1882 823 1940 fervida
835 1886 946 1943 terrent

138 1960 234 2033 Dicta,
248 1963 343 2034 ferox;
364 1963 394 2021 di
406 1982 452 2020 me
465 1965 583 2033 terrent,
598 1966 628 2021 et
642 1961 758 2039 Jupiter
771 1962 892 2021 hostis.''

138 2041 201 2100 Nec
214 2042 297 2119 plura
310 2044 421 2114 effatus,
435 2062 535 2100 saxum
547 2041 740 2118 circumspicit
753 2042 863 2118 ingens,

139 2121 245 2179 Saxum
258 2123 418 2199 antiquum,
431 2122 542 2199 ingens,
555 2142 654 2199 campo
668 2122 745 2199 quod
757 2122 831 2179 forte
839 2121 962 2198 jacebat,

138 2200 236 2259 Limes
249 2223 318 2278 agro
331 2202 450 2279 positus,
463 2203 546 2260 litem
558 2206 592 2260 ut
605 2203 776 2260 discerneret
789 2201 881 2275 arvis;

139 2280 196 2338 Vix
209 2281 280 2339 illud
292 2281 361 2340 lecti
373 2281 416 2340 bis
430 2303 479 2340 sex
492 2281 599 2340 cervice
612 2281 749 2353 subirent,

139 2361 240 2431 Qualia
252 2383 328 2420 nunc
340 2361 491 2419 hominum
503 2361 636 2439 producit
649 2381 765 2439 corpora
777 2361 880 2421 tellus:

139 2441 193 2499 Ille
206 2461 294 2499 manu
306 2444 421 2518 raptum
435 2440 546 2517 trepida
558 2442 710 2518 torquebat
723 2441 754 2498 in
767 2441 890 2515 hostem,

139 2520 235 2578 Altior
247 2521 406 2598 insurgens,
420 2523 450 2578 et
464 2540 548 2578 cursu
561 2521 689 2578 concitus
702 2520 794 2579 heros.
888 2530 890 2534 ‘

139 2599 195 2658 Sed
207 2621 298 2676 neque
312 2603 473 2659 currentem
486 2619 524 2671 se,
538 2619 589 2657 nec
603 2600 749 2676 cognoscit
762 2603 888 2672 euntem,

139 2679 335 2738 Tollentemve
347 2700 435 2738 manu
448 2699 603 2756 saxumque
616 2679 740 2738 immane
753 2682 933 2738 moventem:

137 2758 240 2817 Genua
251 2760 366 2831 labant3
386 2758 497 2836 gelidus
510 2759 654 2818 concrevit
667 2759 771 2836 frigore
785 2759 910 2836 sanguis.

139 2838 215 2896 Turn
228 2839 299 2916 lapis
312 2840 372 2917 ipse
384 2838 447 2910 viri,
460 2860 583 2898 vacuum
595 2859 646 2916 per
658 2839 741 2896 inane
755 2839 880 2911 volutus,

138 2919 202 2976 Nec
216 2919 341 2996 spatium
354 2919 444 2978 evasit
457 2922 563 2991 totum,
576 2939 628 2976 nec
641 2919 761 2996 pertulit
773 2919 872 2976 ictum.

138 2999 182 3056 Ac
196 3000 275 3056 velut
288 2999 319 3056 in
332 3000 447 3071 somnis,
461 2999 557 3058 oculos
570 2999 620 3057 ubi
632 2999 766 3077 languida
778 2998 880 3074 pressit

138 3078 234 3136 Nocte
248 3079 335 3154 quies,
349 3079 541 3156 nequidquam
554 3079 651 3137 avidos
665 3079 815 3137 extendere
828 3098 926 3137 cursus

137 3157 218 3216 Velle
230 3158 369 3230 videmur,
383 3163 412 3217 et
425 3158 457 3216 in
469 3158 570 3217 mediis
584 3158 732 3216 conatibus
745 3158 815 3236 aegri

138 3237 332 3310 Succidimus3
353 3259 411 3296 non
424 3238 523 3315 lingua
534 3239 621 3310 valet,
634 3258 692 3296 non
706 3257 821 3315 corpore
834 3240 912 3296 notae

139 3317 290 3376 Sufficiunt
302 3317 385 3390 vires,
398 3339 450 3376 nec
462 3338 518 3375 vox
531 3322 582 3376 aut
595 3318 681 3376 verba
694 3321 868 3393 sequuntur:

138 3397 185 3454 Sic
199 3397 305 3469 Turno,
319 3417 495 3474 quacumque
507 3397 584 3456 viam
596 3397 705 3456 virtute
717 3398 830 3475 petivit,

138 3476 306 3535 Successum
319 3479 371 3536 dea
384 3478 446 3536 dira
457 3479 554 3554 negat.
595 3478 672 3535 Tum
684 3479 798 3553 pectore
812 3495 910 3535 sensus

137 3556 300 3615 Vertuntur
313 3557 391 3615 varii.
432 3557 558 3616 Rutulos
571 3559 699 3634 aspectat
712 3559 742 3615 et
755 3557 863 3626 urbem,

138 3636 355 3713 cunctaturque
368 3639 457 3709 metu,
470 3636 615 3713 telumque
629 3637 735 3694 instare
748 3634 904 3706 tremiscit;

137 3716 201 3774 Nec
214 3737 270 3793 quo
284 3737 314 3775 se
327 3717 436 3794 eripiat,
450 3737 502 3775 nec
515 3737 571 3793 qua
583 3716 613 3774 vi
625 3716 726 3774 tendat
738 3715 769 3772 in
781 3715 904 3786 hostem,

137 3796 200 3854 Nec
214 3817 312 3854 currus
326 3816 445 3872 usquam
458 3797 545 3868 videt,
559 3796 721 3873 aurigamve
735 3815 867 3852 sororem.

137 3874 293 3934 Cunctanti
305 3876 396 3934 telum
409 3875 515 3934 AEneas
527 3876 613 3936 fatale
626 3875 767 3947 coruscat,

129 3954 256 4014 Sortitus
266 3956 414 4014 fortunam
427 3956 536 4034 oculis3
556 3961 588 4019 et
602 3979 724 4040 corpore
735 3959 806 4018 toto
