2446 4260
145 232 203 291 196
448 245 785 288 1111011111111101110

144 391 217 448 Esse
229 390 330 467 putet:
351 387 434 447 oaedit
447 387 528 447 binas
541 388 577 447 de
589 407 668 446 more
681 387 820 461 bidentes,

130 518 132 521 ,
144 469 257 546 Totque
270 488 342 540 sues,
354 467 477 526 totidem
490 468 637 545 nigrantes
649 470 732 546 terga
740 468 878 546 juvencos
888 493 895 543 ;

143 549 274 625 Vinaque
286 547 423 606 fundebat
435 548 550 625 pateris,
563 548 741 624 animamque
754 549 876 608 vocabat

144 628 278 686 Anchisae
292 627 390 704 magni
402 647 554 704 manesque
566 627 729 686 Acheronte
742 629 883 688 remissos.

145 707 279 766 Necnon
293 708 323 765 et
337 706 413 778 socii,
427 727 489 784 qua
502 707 602 784 cuique
616 710 660 765 est
674 707 762 784 eopia,
775 708 836 767 laeti

145 787 231 846 Dona
243 788 348 858 ferunt,
362 789 481 844 onerant
494 806 564 858 aras,
578 789 761 862 mactantque
770 787 924 866 juvencos:

146 866 252 924 Ordine
265 866 356 924 ahena
367 865 463 924 locant
476 866 533 938 alii,
545 866 655 942 fusique
668 886 718 944 per
730 866 849 925 herbam

144 945 305 1022 Subjiciunt
318 945 430 1004 veribus
443 965 556 1023 prunas,
570 948 600 1004 et
612 946 720 1004 viscera
732 949 854 1005 torrent.

184 1025 359 1103 Exspectata
371 1024 430 1083 dies
444 1025 549 1097 aderat,
562 1045 724 1103 nonamque
738 1045 837 1085 serena

144 1105 286 1163 Auroram
300 1104 493 1163 Phaethontis
506 1105 571 1181 equi
580 1105 642 1183 jam
654 1105 718 1164 luce
730 1105 890 1179 vehebant3

144 1184 290 1261 Famaque
302 1184 440 1242 finitimos
453 1189 483 1242 et
496 1184 566 1242 clari
578 1204 682 1243 nomen
695 1185 808 1244 Acestae

144 1264 295 1322 Excierat:
314 1264 381 1322 laeto
395 1263 569 1340 complerant
581 1263 667 1323 litora
680 1267 765 1337 coetu,

143 1343 241 1402 Visuri
253 1343 404 1416 AEneadas,
417 1364 482 1422 pars
495 1346 526 1402 et
539 1346 646 1402 certare
658 1344 759 1421 parati.

143 1423 268 1481 Munera
279 1423 417 1500 principio
431 1425 499 1482 ante
511 1424 606 1481 oculos
621 1423 749 1501 circoque
761 1424 893 1483 locantur

144 1503 182 1560 In
195 1503 297 1574 medio,
311 1503 383 1561 sacri
395 1503 530 1580 tripodes,
543 1504 701 1579 viridesque
715 1523 834 1575 coronae,

144 1582 187 1640 Et
200 1583 313 1659 palmae,
327 1583 451 1659 pretium
464 1582 629 1655 victoribus,
643 1603 783 1658 armaque,
797 1586 828 1642 et
841 1586 918 1643 ostro
974 1638 976 1642 .

144 1661 269 1721 Perfossa
282 1665 384 1734 vestes,
398 1662 511 1740 argenti
524 1662 639 1738 aurique
651 1663 810 1722 talentum:

143 1742 186 1799 Et
199 1743 271 1800 tuba
283 1742 447 1800 commissos
460 1742 553 1801 medio
568 1742 644 1800 canit
658 1762 760 1820 aggere
773 1742 864 1801 ludos.

143 1821 243 1879 Prima
255 1841 336 1898 pares
349 1822 450 1880 ineunt
463 1822 596 1899 gravibus
610 1821 765 1880 certamina
778 1822 863 1880 remis

143 1901 273 1973 Quatuor
286 1921 320 1959 ex
334 1902 413 1959 omni
426 1902 543 1960 delectae
556 1901 643 1960 classe
657 1901 775 1961 carinae:

141 1980 277 2040 Velocem
290 1980 460 2039 Mnestheus
474 1981 535 2058 agit
549 1982 607 2039 acri
619 1982 727 2059 remige
741 1980 868 2052 Pristim

143 2060 215 2118 Mox
228 2059 321 2118 Italus
336 2060 515 2132 Mnestheus,
528 2081 618 2138 genus
632 2081 649 2119 a
662 2081 718 2138 quo
730 2061 846 2120 nomine
860 2060 999 2134 Memmi3

143 2139 353 2218 Ingentemque
367 2140 445 2218 Gyas
458 2140 572 2218 ingenti
583 2141 659 2199 mole
673 2141 853 2213 Chimaeram,

141 2218 230 2277 Urbis
244 2239 323 2296 opus,
337 2219 444 2297 triplici
456 2220 545 2297 pubes
559 2240 645 2297 quam
658 2221 794 2279 Dardana
805 2240 890 2280 versu

143 2298 311 2375 Impellunt,
324 2302 407 2358 terno
421 2304 598 2378 consurgrmt
611 2301 708 2359 ordine
721 2300 809 2372 remi;

143 2379 355 2455 Sergestusque,
370 2379 470 2437 domus
483 2382 565 2438 tenet
579 2400 664 2456 aquo
678 2380 776 2458 Sergia
788 2400 901 2452 nomen,

143 2457 286 2516 Centauro
298 2458 444 2516 invehitur
456 2479 577 2536 magna3
598 2460 746 2538 Scyllaque
759 2459 917 2518 Cloanthus

142 2537 275 2609 Caerulea,
289 2558 379 2615 genus
392 2538 467 2597 unde
479 2539 543 2611 tibi,
557 2539 686 2598 Romane
701 2539 824 2597 Cluenti.

181 2617 238 2676 Est
250 2619 349 2695 procul
361 2618 391 2675 in
405 2619 505 2695 pelago
518 2639 617 2676 saxum
631 2619 794 2696 spumantia
806 2622 908 2678 contra

142 2697 250 2767 Litora,
265 2697 341 2774 quod
353 2698 472 2756 tumidis
486 2699 663 2757 submersum
676 2698 809 2756 tunditur
823 2699 891 2757 olim

141 2776 301 2849 Fluctibus,
314 2777 427 2836 hiberni
440 2778 566 2836 condunt
579 2779 629 2837 ubi
642 2779 733 2836 sidera
746 2778 814 2836 Cori
825 2803 832 2850 ;

141 2856 306 2932 Tranquillo
319 2858 392 2929 silet,
405 2857 580 2935 immotaque
594 2858 737 2917 attollitur
750 2858 827 2916 unda

142 2935 274 3012 Campus,
289 2939 318 2994 et
332 2937 432 3013 apricis
445 2939 532 2996 statio
545 2938 708 3016 gratissima
720 2938 835 3014 mergis.

142 3015 201 3072 Hic
214 3015 334 3074 viridem
347 3017 452 3075 AEneas
465 3018 609 3076 frondenti
622 3039 656 3077 ex
669 3018 731 3076 ilice
744 3019 853 3075 metam

142 3094 302 3154 Constituit
316 3096 431 3173 signum
444 3097 539 3155 nautis
552 3101 642 3175 pater,
655 3098 730 3155 unde
744 3097 849 3155 reverti

142 3174 263 3247 Scirent,
277 3177 307 3233 et
318 3174 420 3253 longos
433 3177 483 3235 ubi
496 3175 714 3236 circumflectere
728 3197 834 3235 cursus

142 3254 219 3312 Tum
231 3255 293 3313 loca
306 3258 381 3313 sorte
395 3256 504 3333 legunt,
517 3256 627 3334 ipsique
640 3256 671 3314 in
683 3256 824 3333 puppibus
838 3275 907 3315 auro

141 3334 284 3392 Ductores
297 3334 382 3412 longe
396 3336 533 3413 effirlgent
547 3344 680 3412 ostroque
694 3337 803 3407 decori,

141 3415 243 3472 Cetera
256 3415 376 3491 populea
388 3416 499 3474 velatur
511 3415 610 3474 fronde
619 3417 764 3494 juventus,

140 3495 328 3570 Nudatosque
341 3495 474 3553 humeros
488 3496 548 3554 oleo
562 3497 674 3572 perfusa
686 3493 810 3554 nitescit.

141 3573 301 3632 Considunt
314 3574 455 3647 transtris,
468 3574 635 3651 intentaque
648 3575 763 3633 brachia
775 3574 877 3633 remis:

140 3653 253 3712 Intenti
266 3657 431 3730 exspectant
445 3654 568 3731 signum,
582 3655 808 3731 exsultantiaque
821 3654 919 3712 haurit

140 3733 234 3792 Corda
245 3753 333 3810 pavor
345 3734 469 3811 pulsans,
483 3734 654 3812 laudumque
668 3737 777 3793 arrecta
790 3734 902 3811 cupido.

140 3813 213 3871 Inde
226 3812 276 3870 ubi
289 3813 364 3872 clara
376 3813 456 3872 dedit
469 3814 596 3873 sonitum
608 3815 687 3887 tuba,
701 3815 806 3872 finibus
819 3833 927 3886 omnes,

135 3893 231 3954 Haud
242 3913 334 3968 mora,
345 3894 502 3974 prosiluere
514 3893 592 3952 sads:
609 3894 679 3952 terit
689 3894 797 3950 athera
805 3893 910 3951 clamor

129 3977 167 4040 N
165 3976 305 4054 autious3
325 3976 463 4038 adductis
475 3975 617 4056 spumant
626 3969 932 4030 1101010111ωῶ-
