2446 4260
470 128 652 175 mauors
665 130 728 174 LIB.
742 131 794 174 111.

156 259 257 338 Qualis
269 271 454 352 hyperboreis
467 272 559 351 aquilo
573 293 661 352 quum
674 274 778 333 densus
791 275 827 334 ab
840 275 896 335 oris

148 337 304 425 Incubuit,
318 352 499 431 Scythiaeque
511 354 617 412 hiemes
630 357 715 432 atque
728 355 807 413 arida
819 356 914 415 differt

144 418 281 491 Nubila:
302 435 369 491 tum
381 437 491 511 segetes
504 434 571 492 altae
584 434 730 512 campique
742 437 876 494 natantes

140 498 282 571 Lenibus
295 513 464 572 horrescunt
476 512 580 585 flabris,
594 533 767 592 summaeque
780 534 910 574 sonorem

136 579 236 650 Dant
250 592 339 664 silve,
352 592 487 671 longique
499 597 604 671 urgent
617 593 652 652 ad
665 594 751 652 litora
763 592 883 667 fluctus;

135 659 206 729 Ille
218 672 311 744 volat,
324 672 409 730 simul
421 693 487 732 srva
500 673 569 750 fuga
580 673 665 731 simul
677 692 791 750 aequora
802 694 924 735 verrens.

132 742 210 810 Hic
224 752 274 810 vel
286 752 324 810 sd
336 752 401 811 Elei
412 755 504 812 metas
517 757 548 811 et
560 753 684 812 maxima
696 753 788 831 campi

132 825 275 890 Sudabit
288 831 389 908 spatis,
402 835 432 891 et
444 852 558 910 spumas
571 836 638 910 aget
650 852 698 891 ore
711 836 858 907 cruentas3

132 903 273 988 Belgica
285 911 332 969 vel
344 911 424 970 molli
436 912 537 972 melius
550 913 622 973 feret
634 912 731 971 esseda
743 913 824 972 collo.

132 985 227 1047 'lum
243 991 360 1050 demum
373 1010 466 1050 crassa
477 1012 613 1070 magnum
625 992 766 1071 farragine
778 1013 879 1071 corpus

133 1067 285 1130 Crescere
294 1069 354 1148 jam
367 1071 484 1130 domitis
497 1072 599 1144 sinito;
618 1092 740 1149 namque
753 1075 819 1132 ante
832 1073 1004 1133 domandum

134 1145 294 1227 Ingentes
307 1150 411 1210 tollent
424 1150 541 1225 animos,
554 1152 703 1229 prensique
715 1152 863 1229 negabunt

135 1225 280 1288 Verbera
291 1229 372 1288 lenta
383 1231 446 1308 pati
458 1234 488 1289 et
500 1231 578 1290 duris
590 1251 687 1309 parere
699 1231 814 1309 lupatis.

189 1309 250 1368 Sed
261 1330 321 1368 non
333 1310 393 1368 ulla
404 1311 496 1389 magis
508 1311 582 1370 vires
594 1311 735 1369 industris
748 1311 854 1384 firmat,

138 1386 247 1459 Quam
259 1389 401 1448 Venerem
413 1393 444 1448 et
457 1390 524 1449 caeci
537 1391 667 1450 stimulos
680 1394 806 1450 avertere
819 1391 931 1465 amoris,

137 1465 218 1526 Sive
231 1469 320 1527 boum
332 1469 392 1528 sive
404 1473 449 1528 cst
461 1471 507 1528 cui
520 1471 628 1548 gratior
639 1491 708 1529 usus
721 1490 866 1548 equorum.

137 1548 251 1625 Atque
263 1549 328 1608 ideo
340 1552 438 1608 tauros
450 1550 549 1627 procul
562 1553 647 1626 atque
659 1551 690 1608 in
704 1550 763 1609 sola
774 1551 903 1629 relegant

139 1623 274 1700 Pascua,
287 1632 353 1706 post
366 1631 494 1689 montem
507 1631 669 1708 oppositum
681 1634 712 1688 et
724 1633 804 1689 trans
817 1631 936 1689 flumina
949 1627 1016 1702 lata,

138 1707 217 1765 Aut
229 1708 308 1766 intus
322 1708 431 1768 clausos
444 1712 540 1768 satura
553 1711 589 1768 ad
601 1710 736 1788 praesepis
749 1713 872 1770 servant.

139 1784 253 1864 Carpit
266 1787 343 1846 enim
354 1788 430 1847 vires
441 1789 579 1866 paulatim
592 1791 705 1866 uritque
718 1789 839 1849 videndo

139 1860 290 1939 I'emina3
309 1888 362 1926 nec
374 1888 522 1927 nemorum
534 1870 643 1946 patitur
656 1869 825 1942 meminisse,
837 1889 890 1929 nec
902 1865 1006 1929 herboe.

139 1938 294 2006 llulcibus
306 1947 356 2006 illa
369 1947 482 2024 quidem
494 1947 633 2007 illecebris
646 1951 676 2007 et
691 1968 765 2026 soepe
778 1950 912 2026 superbos

138 2022 293 2085 Cornibus
306 2026 383 2086 inter
395 2047 425 2086 se
438 2027 545 2106 subigit
558 2029 704 2087 decernere
717 2032 853 2087 amantes

141 2095 286 2165 Pascitur
297 2107 329 2165 in
340 2127 446 2185 magna
459 2107 517 2165 Sila
528 2108 650 2167 formosa
659 2107 797 2186 juvenca:

143 2175 207 2241 Illi
218 2185 390 2246 alternantes
403 2187 495 2245 multa
506 2187 536 2245 vi
548 2188 647 2264 proelia
658 2188 780 2246 miscent

141 2254 325 2325 Vulneribus
337 2266 441 2325 crebris
451 2291 458 2339 ;
476 2266 548 2326 lavit
560 2271 622 2326 ater
634 2287 751 2344 corpora
762 2266 887 2344 sanguis,

144 2334 297 2422 Versaquc
308 2344 340 2404 in
352 2346 470 2405 obnixos
482 2350 621 2424 urgentur
634 2366 739 2406 cornua
749 2350 832 2404 vasto

151 2421 229 2482 (lum
241 2425 369 2503 gemitu3
387 2426 506 2485 reboant
518 2426 651 2504 silvaeque
664 2429 694 2485 et
706 2427 808 2504 longus
822 2425 971 2506 Olympus.

149 2498 217 2562 blec
229 2525 291 2563 mos
303 2504 443 2564 bellantes
455 2525 512 2564 una
524 2507 665 2565 stabulare
676 2530 683 2578 ;
703 2506 753 2564 sed
765 2506 837 2565 alter

152 2578 255 2642 Victus
268 2584 337 2656 abit,
350 2584 489 2662 longeque
504 2585 610 2663 ignotis
626 2585 736 2644 exsulat
748 2585 821 2657 oris3

153 2660 247 2721 Multa
259 2684 375 2741 gemens
387 2663 572 2742 ignominiam
583 2665 735 2743 plagasque
748 2660 862 2742 superbi

156 2739 286 2816 Victoris,
298 2747 373 2815 tum,
386 2764 456 2821 quos
469 2745 564 2803 amisit
577 2745 694 2816 inultus,
708 2765 826 2816 amores,

156 2820 196 2880 Et
208 2823 321 2881 stabula
332 2827 478 2901 aspectans
491 2823 586 2901 regnis
599 2824 718 2883 excessit
730 2824 824 2884 avitis.

155 2900 231 2980 Ergo
245 2902 325 2960 omni
337 2923 405 2962 mura
416 2902 489 2962 vires
502 2906 620 2975 exercet,
634 2908 665 2963 et
677 2904 753 2962 inter

155 2979 234 3040 Dura
242 2982 320 3060 jacet
332 3002 439 3060 pernox
451 2983 574 3042 instrato
587 3003 653 3041 saxa
665 2983 759 3056 cubili,

155 3059 313 3121 Frondibus
325 3061 444 3123 hirsutis
457 3065 487 3121 et
500 3063 588 3121 carice
600 3065 698 3140 pastus
711 3065 811 3134 acuta3

155 3139 195 3198 Et
206 3144 304 3200 tentat
316 3161 385 3214 sese,
399 3143 484 3219 atque
496 3141 578 3200 irasci
589 3142 621 3200 in
634 3162 739 3201 cornua
751 3141 844 3215 discit,

155 3219 269 3280 Arboris
282 3221 402 3280 obnixus
413 3224 524 3293 trunco,
537 3225 693 3298 ventosque
705 3220 819 3280 hcessit

155 3297 271 3372 Ictibus,
284 3304 315 3360 et
328 3321 425 3379 sparsa
436 3301 473 3360 ad
484 3321 610 3378 pugnam
623 3301 749 3379 proludit
762 3321 853 3360 arens.

154 3377 231 3454 Post,
244 3380 295 3440 ubi
307 3381 458 3440 collectum
470 3381 556 3440 robur
568 3381 696 3457 viresque
708 3380 829 3453 refectus,

154 3457 238 3537 Signa
250 3464 357 3533 movet,
369 3480 547 3539 praecepsque
560 3460 681 3520 oblitum
693 3461 784 3519 fertur
798 3460 829 3517 in
842 3459 971 3518 hostem:

153 3537 271 3598 Fluctus
283 3540 329 3598 uti
341 3541 435 3599 medio
447 3541 534 3618 coepit
544 3559 631 3616 quum
645 3541 783 3600 albescere
796 3542 894 3617 ponto,

152 3617 278 3697 Longius
291 3639 325 3678 cx
339 3619 452 3696 altoque
465 3620 559 3679 sinum
571 3619 680 3692 trahit3
700 3624 798 3697 utque,
810 3617 925 3677 volutus

150 3700 196 3759 Ad
207 3704 308 3772 terras,
320 3698 444 3758 immune
457 3703 539 3758 sonat
551 3719 601 3777 per
613 3720 688 3772 saxa,
700 3719 791 3775 neque
803 3698 865 3776 ipso

148 3778 253 3839 Monte
264 3779 359 3838 minor
373 3779 533 3856 procumbit
543 3803 550 3851 ;
570 3782 601 3838 at
613 3779 672 3838 ima
684 3781 823 3838 exaestuat
836 3776 914 3835 unda

148 3857 319 3935 Vorticibus,
331 3858 497 3937 nigramque
510 3858 567 3918 alte
580 3858 720 3938 subjectat
732 3877 855 3917 arenam.
