2370 4260
134 198 194 262 176
428 210 611 255 ι.ιιιιιιιιι
623 209 769 256 ιωοιιιι

133 356 271 428 Stridens,
284 375 336 416 neo
349 353 425 414 dulci
437 353 560 413 declinat
571 352 683 413 lumina
694 373 805 415 somno.

133 438 212 496 Luce
225 436 304 495 sedet
317 439 413 495 custos
426 437 478 493 aut
491 433 596 492 summi
608 433 735 494 culmine
745 432 827 508 tecti,

134 516 272 575 Turribus
286 518 337 574 aut
350 515 425 586 altis,
438 517 469 573 et
481 533 599 592 magnas
612 513 730 573 territat
741 514 837 587 urbes,

134 595 208 655 Tam
221 594 282 654 ficti
295 594 429 673 pravique
441 599 536 665 tenax,
550 612 636 670 quam
647 593 753 654 nunde
763 593 835 654 veri

133 675 209 734 Haec
221 677 287 734 tum
300 673 450 767 multiplici
463 673 582 751 populos
594 692 725 733 sermone
736 673 864 753 replebat

134 753 277 826 (laudens,
290 757 320 813 et
333 757 439 832 pariter
451 753 627 830 metuatque
637 750 746 845 infecta
757 754 894 814 canebat·

134 833 253 892 Venisse
266 775 386 905 lEnean,
400 832 466 892 Tro
468 852 687 911 anoasaugum

134 912 189 971 Cui
202 933 232 972 se
244 911 401 989 pulchra
374 932 436 971 viro
449 852 703 991 digneturmgm
592 930 715 991 jungere
727 912 824 986 Did03

134 993 221 1051 Nunc
234 992 357 1051 hiemem
369 991 446 1050 inter
458 1011 489 1051 se
501 991 571 1050 luxu
571 1011 679 1069 ,quam
690 991 787 1070 longa,
799 958 902 1065 firme

134 1071 324 1150 Regnorum
316 1091 495 1131 immemores
507 1036 642 1149 turpique
655 1071 788 1150 cupidine
800 1075 908 1150 captos.

134 1151 209 1210 Haec
223 1151 327 1228 passim
341 1151 393 1210 dea
405 1150 481 1210 foeda
492 1150 586 1209 uirum
599 1150 736 1211 diffundit
747 1151 780 1210 in
791 1171 852 1212 ora.

135 1231 271 1289 Protinus
285 1230 321 1289 ad
333 1251 430 1324 regem
443 1251 540 1290 cursus
553 1231 705 1309 detorquet
718 1230 835 1304 Iarban,

135 1310 325 1387 Incenditque
337 1311 465 1369 animum
477 1310 570 1384 dictis,
583 1313 790 1389 atqueaggeru
787 1311 825 1370 t
815 1330 881 1370 iras

174 1390 233 1448 Hic
247 1391 410 1449 Hammone
423 1393 502 1449 satus
503 1393 673 1484 ‚rapa
618 1330 824 1485 Garamantide
835 1390 976 1470 Nympha,

135 1468 255 1547 Templa
267 1469 287 1527 J
290 1489 337 1528 our
350 1473 465 1528 centurn
478 1469 544 1528 latis
557 1469 693 1529 immanis
704 1469 810 1549 regnis,

135 1548 260 1608 (lentum
273 1569 334 1608 aras
346 1549 459 1626 posuit;
479 1549 649 1628 vigilemque
662 1549 844 1609 sacraverat
834 1570 932 1629 ignem

134 1629 277 1688 Excubiae
291 1629 389 1688 diuum
401 1632 530 1701 aeternas,
543 1630 738 1707 pecudumque
752 1648 855 1690 cruore

135 1709 247 1786 Pingue
260 1709 360 1781 solum,
375 1711 405 1767 et
417 1709 502 1768 variis
514 1709 645 1768 florentia
656 1708 757 1767 limina
769 1709 863 1769 sertis.

135 1788 222 1866 Isque
235 1809 331 1848 amena
345 1788 440 1861 animi,
453 1791 483 1847 et
496 1809 608 1848 rumore
621 1807 754 1880 accensus
767 1809 873 1862 amaro,

133 1868 249 1927 Dicitur
262 1871 328 1927 ante
341 1888 412 1941 aras,
424 1867 519 1927 media
530 1868 606 1927 inter
618 1867 737 1927 numina
749 1868 858 1962 divum,

134 1949 232 2007 Multa
244 1948 264 2006 J
267 1968 348 2007 ovem
360 1914 491 2006 ma'nibus
504 1949 623 2026 supplex
636 1967 729 2008 orasse
741 1947 868 2041 supinis:

134 2028 277 2106 “Jupiter
289 2028 477 2104 omnipotens,
491 2028 536 2086 cui
548 2048 625 2087 nunc
637 2027 783 2086 Maurusia
795 2028 882 2106 pictis

134 2107 212 2166 Gens
226 2107 339 2184 epulata
351 2107 422 2166 toris
435 2107 572 2167 Lenaeum
584 2108 656 2167 libat
668 2108 815 2179 honorem,

133 2187 245 2264 Aspicis
258 2186 344 2246 heo?
364 2207 400 2244 an
414 2191 452 2259 te,
466 2188 587 2264 genitor,
601 2207 689 2265 quum
701 2187 823 2245 iirlmina
834 2189 958 2264 torques,

133 2266 335 2342 Nequidquam
348 2266 519 2326 horremus?
540 2266 659 2344 caecique
671 2267 703 2325 in
715 2267 839 2326 nubibus
852 2268 934 2345 ignes

133 2346 301 2404 Temificant
315 2346 432 2418 animos,
446 2349 476 2404 et
489 2346 584 2405 inania
597 2366 743 2405 murmura
754 2346 877 2406 miscent
888 2346 902 2406 Ρ

133 2425 260 2498 Femina,
275 2445 338 2502 quae
351 2426 455 2484 nostris
469 2446 564 2484 errans
576 2426 607 2484 in
620 2426 724 2484 finibus
737 2426 838 2485 urbem

132 2505 276 2582 Exiguam
288 2505 380 2582 pretio
392 2506 496 2583 posuit,
510 2506 556 2564 cui
568 2506 637 2564 litus
651 2506 797 2577 arandum,

133 2585 242 2661 Cuique
254 2585 309 2643 loci
321 2585 397 2663 leges
411 2585 547 2657 dedimus,
561 2586 701 2644 connubia
712 2588 811 2644 nostra

131 2665 260 2742 Repulit,
273 2685 305 2724 ac
319 2665 465 2723 dominum
478 2665 589 2723 lEnean
602 2665 633 2722 in
645 2685 734 2743 regna
746 2664 861 2743 recepit.

131 2744 174 2802 Et
187 2764 263 2802 nuno
275 2745 322 2802 ille
336 2745 425 2816 Paris,
439 2765 505 2803 cum
518 2745 649 2804 semiviro
662 2745 810 2816 comitatu,

132 2823 254 2882 Maeonia
266 2827 396 2883 mentum
409 2825 496 2883 mitra
509 2825 668 2901 crinemque
682 2825 846 2883 madentem

132 2903 282 2975 subnixae,
296 2907 378 2980 rapto
391 2905 517 2981 potitur:
537 2925 589 2963 nos
602 2924 720 2963 munera
731 2904 846 2981 templis

132 2983 242 3060 Quippe
255 2983 313 3040 tuis
326 2983 450 3056 ferimus,
464 2985 623 3061 famamque
636 2986 763 3043 fovemus
776 2981 919 3043 inanem.’'

171 3062 289 3120 Talibus
303 3066 431 3121 orantem
444 3064 537 3136 dictis,
552 3084 667 3141 arasque
680 3066 836 3134 tenentem,

130 3142 232 3200 Audiit
246 3142 434 3218 omnipotens,
448 3144 597 3220 oculosque
611 3145 647 3202 ad
660 3144 766 3202 moenia
776 3142 863 3202 torsit

129 3222 230 3300 Regia,
244 3225 274 3280 et
288 3221 391 3279 oblitos
404 3222 488 3281 famae
502 3224 624 3282 melioris
638 3227 775 3282 amantes.

130 3301 206 3360 Tum
220 3302 260 3360 sio
273 3301 446 3360 Mercurium
460 3302 622 3379 alloquitur,
636 3323 668 3362 ac
681 3303 751 3362 talia
764 3301 900 3360 mandat:

130 3383 234 3441 “Vade
249 3401 309 3459 age,
323 3383 399 3451 nate,
412 3401 483 3439 voca
496 3383 648 3460 Zephyros,
662 3387 692 3442 et
705 3384 797 3441 labere
809 3381 929 3458 pennis3

129 3461 362 3536 Dardaniumque
376 3461 484 3531 ducem,
498 3461 586 3538 Tyria
599 3463 773 3540 Carthagine
786 3462 835 3538 qui
848 3482 925 3519 nunc

129 3541 295 3619 Exspectat,
309 3541 431 3616 satisque
444 3540 525 3598 datas
538 3562 596 3599 non
608 3543 724 3619 respicit
738 3542 829 3611 urbes,

128 3621 288 3698 Alloquere,
303 3625 332 3679 et
346 3620 447 3679 celeres
461 3620 537 3678 defer
550 3641 613 3679 mea
626 3622 703 3680 dicta
715 3642 765 3699 per
778 3641 867 3680 auras.

129 3699 198 3759 Non
210 3702 293 3759 illum
305 3701 386 3760 nobis
399 3700 529 3777 genetrix
542 3701 730 3777 pulcherrime
742 3701 829 3792 talem

128 3778 274 3853 Promisit,
289 3780 462 3872 Graiumque
474 3780 538 3839 ideo
551 3781 594 3839 bis
607 3781 733 3840 vindicat
747 3780 848 3849 armis;

129 3857 184 3915 Sed
197 3859 264 3931 fore,
279 3880 327 3936 qur
318 3859 507 3937 gravidam
499 3861 624 3939 imperiis
636 3861 767 3936 belloque
778 3859 948 3916 trementem

121 3935 240 4000 Italiam
253 3944 378 4020 regeret,
392 3963 486 4022 genus
498 3941 560 4003 alto
573 3940 745 4019 asangume
753 3935 865 3992 Eeuori
